4300 5475
2268 344 2387 430 22

745 574 1050 641 Ciceroni
1097 570 1176 635 ad
1223 572 1614 658 provinciam
1661 564 2220 633 administrandam
2264 564 2651 646 attributum,
2696 578 2766 633 et:
2804 590 2928 655 pro
2956 578 3243 635 curatur
3274 571 3397 658 legi
3440 570 3593 637 volo
3624 580 3913 651 curetur,

741 702 932 767 quam
975 690 1252 744 veterem
1297 678 1656 755 lectionem,
1703 696 1846 739 cum
1891 672 2098 739 codex
2141 672 2475 739 Medioeus
2518 674 2837 753 exhibeat,
2896 678 3091 742 miror
3134 676 3216 742 ab
3264 678 3517 745 Oreuio
3564 681 3634 744 in
3676 689 3915 745 textum

741 808 878 853 non
925 808 1067 851 esse
1113 794 1448 871 receptam.
3072 788 3079 801 “

917 894 1022 958 De
1077 893 1369 957 comitum
1429 888 1679 954 cibariis
1737 887 1789 948 si
1849 884 2155 972 deinceps
2212 888 2599 971 quaerimus,
2662 908 2739 952 ex
2797 890 3355 956 senatusconsulto
3412 888 3500 956 de
3551 889 3819 976 publico
3874 914 3915 956 a

741 1011 1082 1087 quaestore
1137 995 1516 1083 provinciali
1573 1014 1644 1057 ea
1703 1001 2026 1055 numerata
2073 1012 2242 1070 esse,
2298 1012 2513 1076 neque
2560 996 2877 1077 praetoris
2922 994 3119 1060 fuisse
3168 1005 3549 1081 potestatem
3596 998 3913 1063 statuendi

739 1114 1042 1191 quantum
1091 1106 1325 1189 cuique
1367 1100 1768 1175 tribueretur,
1814 1096 2154 1162 verisimile
2199 1096 2454 1161 videtur
2498 1116 2639 1161 esse
2682 1108 2765 1162 et·
2792 1101 3207 1166 confirmatur
3248 1101 3408 1167 illud
3440 1101 3697 1188 quidem
3726 1106 3917 1169 ratio-

737 1210 928 1276 nibus
973 1232 1166 1296 saepe
1211 1212 1333 1273 iam
1377 1228 1414 1268 a
1455 1200 1646 1267 nobis
1691 1202 1992 1279 laudatis,
2049 1224 2207 1287 quas
2253 1204 2496 1267 Verres
2544 1224 2619 1267 ex
2666 1215 3004 1290 quaestura
3048 1206 3287 1285 retulit,
3349 1208 3475 1273 boc
3516 1228 3673 1274 vero
3722 1208 3917 1275 Gavii

737 1315 1092 1395 cuiusdam,
1167 1318 1272 1381 cui
1323 1310 1556 1377 Cicero
1621 1308 2084 1395 praefecturam
2156 1308 2495 1387 detulerat,
2556 1310 2653 1373 his
2719 1311 2961 1377 verbis:
3034 1312 3215 1379 unde
3274 1334 3383 1377 me
3436 1310 3629 1379 iubes
3675 1324 3917 1403 petere

739 1421 1014 1489 cibaria
1047 1414 1518 1509 praejecti⁶⁴);
1564 1426 1776 1480 certus
1824 1416 1990 1479 enim
2035 1411 2421 1479 dbariorum
2465 1415 2693 1481 modus
2737 1421 2798 1481 si
2833 1440 2975 1483 non
3021 1420 3265 1500 luisset,
3312 1419 3473 1483 baec
3515 1419 3651 1485 fere
3694 1424 3753 1484 ei
3798 1420 3915 1486 ad·

735 1526 951 1594 denda
993 1529 1274 1593 luerunt:
1321 1532 1624 1607 quantum
1671 1520 2054 1587 cibariorum
2095 1524 2353 1587 nomine
2396 1526 2495 1587 'me
2538 1520 2725 1589 iubes
2770 1525 3079 1610 semper-e.
3153 1529 3239 1589 At
3267 1527 3496 1589 iterum
3526 1546 3659 1591 rem
3700 1548 3915 1613 prope

735 1639 856 1700 iam
905 1634 1270 1720 explicatam
1329 1625 1460 1693 duo
1509 1627 1846 1694 Ciceronis
1899 1626 2026 1691 loci
2080 1626 2460 1712 perturbant
2504 1638 2697 1713 atque
2738 1630 3111 1715 impediunt.
3204 1630 3417 1697 Gavio
3464 1634 3633 1697 enim
3676 1632 3768 1697 illi
3812 1654 3913 1699 re-

734 1740 1000 1828 spondit
1045 1736 1307 1815 Cicero,
1365 1757 1434 1799 se
1475 1754 1612 1800 non
1657 1734 2006 1797 instituisse
2047 1734 2128 1797 iis
2176 1732 2327 1797 dare
2372 1733 2607 1814 cibaria
2652 1755 2925 1819 quorum
2972 1758 3173 1822 opera
3216 1758 3351 1803 non
3398 1747 3572 1802 esset
3614 1760 3794 1818 usus,
3850 1750 3919 1805 et

639 1916 644 1923 ‚
732 1849 978 1912 Verres
1031 1842 1283 1910 Siciliae
1337 1850 1713 1927 quaestores
1771 1860 1848 1903 ex
1903 1841 2034 1904 suis
2091 1836 2345 1903 cibariis
2391 1837 2842 1905 liberaliter
2895 1852 3199 1909 tractasse
3252 1842 3525 1908 traditur
3578 1866 3615 1907 a
3662 1843 3801 1911 Cic.
3846 1847 3917 1909 iu

734 1956 923 2017 Verr.
973 1952 1056 2029 11,
1088 1957 1148 2028 2,
1179 1954 1250 2025 43
1295 1951 1382 2014 ita
1425 1956 1498 2011 ut
1539 1966 1658 2032 per
1702 1954 2062 2030 praetorem
2107 1945 2357 2009 stetisse
2398 1944 2697 2011 videatur
2740 1967 2873 2013 non
2920 1948 3127 2013 solum
3172 1959 3477 2033 quantum
3524 1948 3676 2015 dare
3702 1948 3917 2029 vellet,

735 2056 854 2125 sed
909 2060 1098 2126 etiam
1159 2076 1310 2124 num
1373 2052 1528 2139 quid
1591 2050 1747 2117 dare
1807 2049 2018 2115 vellet.
2127 2048 2257 2115 Sed
2320 2072 2483 2135 quae
2544 2056 2865 2117 contraria
2925 2072 3065 2119 esse
3126 2054 3429 2120 videntur
3490 2066 3557 2121 et
3615 2058 3781 2120 iuter
3840 2076 3915 2121 se

733 2164 1094 2249 pugnantia,
1139 2158 1362 2227 eadem
1403 2158 1734 2245 praeclare
1771 2158 1944 2221 iuter
1987 2176 2060 2220 se
2103 2156 2456 2223 cohaerere·
2494 2160 2551 2221 is
2593 2159 2776 2225 facile
2814 2160 3141 2247 intelliget,
3190 2165 3299 2246 qui
3327 2166 3635 2228 rationem
3668 2160 3917 2227 duxerit

735 2280 800 2335 et
843 2266 1208 2354 multiplicis
1254 2266 1424 2331 illius
1471 2262 1652 2328 verbi
1701 2261 2181 2349 significationis
2225 2274 2293 2326 et
2338 2264 2817 2331 consuetudinis
2862 2278 3227 2353 praetorum
3272 2271 3340 2333 in
3386 2264 3725 2335 comitibus
3756 2266 3915 2334 edu-

737 2374 958 2441 cendis
1007 2370 1374 2459 egrediendi
1415 2390 1746 2437 numerum
1793 2366 2037 2455 legibus
2081 2388 2477 2436 concessum.
2567 2422 2577 2431 .

909 2482 992 2545 Et
1035 2482 1304 2565 primum
1351 2474 1606 2563 quidem
1650 2496 1777 2539 vox
1821 2473 2225 2552 cibariorum,
2280 2485 2722 2562 praeterquam
2782 2475 2959 2561 quod
3014 2499 3151 2543 eam
3208 2478 3291 2544 de
3338 2502 3462 2565 qua
3508 2482 3745 2565 agimus
3792 2502 3911 2567 pe-

737 2589 984 2653 cuniam
1039 2584 1380 2672 signifieat,
1435 2585 1622 2646 etiam
1673 2584 1926 2666 saepius
1983 2582 2251 2666 ponitur
2308 2580 2391 2644 de
2448 2581 2765 2647 frum-to
2823 2586 2893 2647 in
2950 2582 3171 2649 cellam
3191 2585 3286 2667 ⁶⁵).
3389 2584 3593 2670 Quod
3648 2607 3791 2651 eum
3849 2596 3913 2651 et

735 2713 1108 2781 comparare
1154 2701 1219 2755 et
1266 2687 1616 2768 comitibus·
1647 2687 2074 2771 exercituique
2097 2690 2439 2774 assignare
2490 2690 2631 2753 sine
2682 2685 2891 2752 dubio
2942 2694 3266 2775 praetoris
3312 2702 3508 2769 esset,
3562 2691 3803 2779 duplex
3840 2695 3915 2758 ’ei

735 2801 952 2867 oblata
999 2809 1099 2866 est
1141 2798 1396 2862 occasio
1441 2794 1525 2860 ad
1569 2793 1844 2859 asseclas
1889 2791 2225 2857 benefieiis
2270 2792 2617 2860 ornandos.
2694 2797 2967 2861 Primum
3014 2801 3183 2862 enim
3228 2799 3569 2885 legitimum
3610 2800 3915 2864 frumenti

733 2927 1091 2982 numerum,
1139 2923 1326 2988 quem
1374 2901 1650 2986 singulis·
1681 2897 1836 2966 dare
1879 2895 2192 2976 debebat,
2239 2919 2473 2985 augere
2518 2910 2803 2985 poterat,
2846 2919 2989 2966 nam
3038 2901 3141 2969 de:
3168 2925 3271 2982 eo,
3335 2901 3511 2989 quod
3556 2907 3680 2990 ipsi
3722 2925 3915 2990 supe·-

733 3012 934 3089 rabat,
969 3011 1164 3076 ¹facile
1207 3018 1343 3074 erat
1388 3008 1527 3071 aliis
1569 3005 1928 3093 gratificari.
1993 3003 2227 3090 Neque
2259 3003 2695 3070 admirandum
2728 3017 2841 3083 est,
2886 3009 3067 3094 quod
3106 3008 3265 3076 illud
3310 3021 3669 3096 pergratum
3716 3012 3911 3074 comi-

731 3119 906 3186 tibus
950 3117 1195 3191 fecerit3
1253 3115 1544 3201 plerique
1605 3115 1806 3190 enim,
1864 3112 2048 3176 etiam
2107 3115 2219 3197 qui
2261 3112 2565 3177 inferiore
2608 3110 2757 3178 loco
2804 3125 3011 3192 erant,
3062 3118 3385 3180 ministros
3440 3115 3643 3180 multo
3690 3115 3910 3202 plures

733 3245 924 3310 quam
965 3244 1087 3308 pro
1135 3221 1444 3286 alimentis
1489 3217 1752 3306 publice
1797 3217 1960 3282 datis
2021 3236 2239 3284 secum
2295 3221 2363 3282 in
2420 3221 2815 3303 provinciam
2872 3219 3171 3284 videntur
3208 3219 3527 3286 eduxisse.
3620 3223 3769 3285 Hoc
3812 3231 3912 3284 est

732 3329 1144 3406 beneficium,
1195 3347 1326 3413 quo
1373 3325 1666 3390 affecisse
1705 3322 1962 3390 videtur
2008 3325 2248 3388 Verres
2292 3323 2437 3390 illos
2486 3335 2886 3409 quaestores,
2936 3329 3047 3411 qui
3104 3324 3451 3392 liberaliter
3506 3349 3581 3392 ex
3633 3329 3773 3392 eius
3820 3328 3913 3390 ci-

733 3435 924 3500 bariis
980 3437 1232 3499 tractati
1285 3453 1425 3498 esse
1481 3431 1798 3496 dicuntur.
1892 3431 2108 3496 Altera
2165 3431 2411 3516 largitio
2466 3429 2587 3494 fuit
2640 3429 2747 3494 illa
2804 3429 3061 3515 quidem
3122 3431 3405 3498 eiusdem
3458 3438 3737 3517 generis,
3792 3432 3911 3498 sed

737 3545 920 3607 etiam
963 3543 1263 3606 iniustior
1307 3550 1373 3603 et
1412 3539 1850 3624 perniciosior,
1896 3537 2317 3603 decoctorum
2359 3536 2731 3623 perfugium.
2758 3559 2833 3602 ac
2873 3537 3201 3616 solatium,
3262 3536 3441 3602 labes
3486 3550 3551 3604 et
3594 3543 3909 3626 pernicies

735 3649 1126 3735 provinciae.
1217 3646 1312 3709 Ut
1355 3645 1736 3708 frumentum
1777 3646 2008 3730 ipsum,
2051 3665 2187 3708 non
2232 3645 2503 3729 pecunia
2548 3644 2686 3706 eius
2730 3643 2879 3710 loco
2926 3644 3186 3709 asseclis.
3228 3666 3263 3707 a
3310 3655 3605 3729 praetore
3634 3646 3909 3724 (luetur,

733 3753 902 3818 bene
931 3755 1286 3816 institutum
1313 3761 1448 3815 erat
1477 3748 1740 3836 legibus,
1773 3760 1835 3813 et
1863 3752 1950 3814 ita
1977 3772 2232 3835 semper
2261 3747 2543 3812 habitum
2574 3746 3110 3836 observatumque
3140 3761 3253 3828 est,
3298 3750 3601 3836 quamdiu
3628 3763 3911 3818 veterum

733 3870 1096 3947 praetorum
1149 3855 1474 3942 frugalitas
1532 3867 1598 3920 et
1659 3859 1961 3920 severitas
2007 3859 2305 3922 connitum
2348 3875 2579 3940 pravas
2614 3853 2925 3920 libidines
2968 3858 3276 3921 coercuit.
3368 3858 3459 3922 M.
3508 3855 3677 3922 Cato
3722 3868 3911 3936 certe,

734 3968 848 4052 qui
893 3963 1120 4031 consul
1163 3962 1394 4028 eodem
1439 3961 1591 4027 cibo
1635 3960 1996 4047 eodemque
2036 3965 2195 4027 vino
2243 3983 2373 4047 quo
2419 3963 2685 4047 remiges
2731 3963 2873 4047 ipse
2918 3980 3076 4027 usus·
3114 3967 3214 4028 e‘st
3236 3964 3327 4044 ⁰⁸),
3374 3983 3719 4052 nunquam
3764 3983 3907 4052 ege,

731 4075 956 4159 iuquit,
1001 4069 1410 4136 evectionem
1454 4065 1708 4148 dotavi,
1752 4089 1885 4156 quo
1933 4067 2145 4134 amici
2181 4067 2321 4133 mei
2348 4089 2483 4156 per·
2510 4064 2861 4158 symbolos
2881 4069 3219 4155 pecunias
3248 4089 3539 4158 magnas
3574 4075 3908 4157 caperent.

733 4176 1123 4267 Numquam
1169 4195 1289 4264 ego
1339 4182 1704 4266 argentum
1738 4195 1864 4262 pro
1915 4171 2066 4238 vino
2116 4172 2467 4262 congiario
2500 4171 2682 4238 inter
2710 4173 3156 4261 apparitores
3191 4183 3400 4264 atque
3428 4175 3689 4241 amicos
3720 4190 3909 4238 meos
3969 4243 3979 4253 ,

735 4281 992 4350 disdidi
1029 4303 1244 4372 neque
1291 4303 1408 4347 eos
1455 4277 1640 4345 malo
1680 4275 1962 4367 publico
2006 4276 2248 4346 >divites
2284 4278 2437 4367 feci
2450 4279 2545 4362 ⁸⁷).
2637 4282 2875 4346 Postea
2918 4301 3106 4359 vero,
3152 4284 3470 4367 corruptis
3512 4283 3635 4349 iam
3680 4277 3911 4366 depra-

732 4393 1024 4476 vatisque
1067 4385 1382 4466 moribus,
1441 4384 1559 4470 ubi
1610 4384 1836 4472 plebes
1879 4382 2235 4450 libertatern
2278 4407 2458 4452 suam
2496 4408 2641 4452 cum
2686 4383 3019 4476 republica
3060 4387 3350 4453 remletn
3393 4385 3629 4450 babere
3670 4396 3735 4450 et
3772 4407 3907 4450 ma·-

738 4584 827 4650 ⁸⁴)
877 4579 993 4635 Cic.
1043 4575 1110 4632 ad
1156 4577 1266 4633 Au.
1307 4576 1398 4647 vl,
1434 4580 1486 4644 3,
1522 4579 1574 4632 6.
1648 4575 1816 4633 Gavio
1865 4586 2040 4635 autem
2102 4595 2283 4634 revera
2339 4577 2717 4653 praefectura·
2772 4598 2802 4634 a
2858 4575 3119 4637 Cicerone
3173 4577 3397 4634 delatam
3450 4595 3599 4646 esse,
3656 4577 3903 4654 colligere

875 4686 1166 4746 possumus
1204 4684 1269 4720 ex
1306 4665 1420 4723 cic.
1459 4666 1527 4723 ad
1565 4665 1674 4721 Att.
1711 4663 1805 4732 vl,
1836 4671 1882 4735 l,
1905 4670 1962 4725 4.

741 4759 828 4830 ο5)
879 4755 993 4814 Cic.
1030 4757 1086 4810 in
1123 4752 1278 4809 Verr.
1317 4751 1410 4820 Ill,
1439 4758 1526 4812 93.
1598 4751 1768 4808 Varro
1804 4752 1865 4809 L.
1896 4753 1956 4811 L.
1993 4751 2086 4822 IV,
2129 4757 2213 4811 16.
2286 4754 2513 4830 Quintil.
2551 4754 2619 4820 V,
2647 4759 2731 4813 13.

741 4847 827 4915 ⁶⁸)
871 4843 993 4901 val.
1029 4841 1162 4898 Max.
1200 4839 1292 4905 lv,
1318 4845 1371 4908 3,
1398 4845 1484 4898 11.
1555 4841 1696 4898 Fest.
1734 4861 1780 4900 s.
1802 4861 1852 4900 v.
1889 4843 2126 4900 navibus.
2199 4841 2333 4901 Ptin.
2370 4842 2438 4900 N.
2464 4843 2531 4903 Η.
2566 4843 2713 4913 xlv,
2754 4851 2836 4904 13.

742 4937 829 5004 ⁶⁷)
882 4929 1083 4987 Fronto
1121 4932 1275 5007 epist.
1313 4930 1381 4987 ad
1418 4929 1745 4986 Antoninum
1783 4929 1824 4998 I,
1849 4935 1902 4988 ⁸2.
