4300 5475
1862 380 1980 469 19

333 610 590 697 cognito
634 609 720 675 vde
763 630 876 674 sua
921 610 1126 675 salute
1171 608 1515 694 desperans
1543 605 1903 687 Dolabella,
1951 610 2004 672 si
2038 608 2343 675 Ciceroni
2372 608 2633 675 credere
2663 609 2825 689 licet,
2870 610 2977 675 illa
3020 613 3277 677 nomina
3320 621 3497 677 recte

329 720 400 782 in
445 715 694 781 tabulas
739 738 886 781 suas
915 715 1168 781 videtur
1195 714 1536 781 induxisse.
1605 714 1840 778 Verres
1871 725 2099 794 autem,
2147 725 2215 778 ut
2253 718 2435 780 etiam
2470 738 2542 779 ea
2576 736 2740 801 quae
2772 720 2909 803 ipse
2955 717 3199 782 furatus
3246 728 3414 783 esset
3457 735 3494 782 a

331 821 676 889 Dolabella
723 820 1096 887 Cilicienses
1143 823 1528 906 acciperent,
1589 823 1654 885 in
1710 819 1942 885 tabulis
1987 823 2118 885 suis
2162 838 2296 885 non
2344 819 2549 885 solum
2592 821 2685 886 illi
2728 822 2871 886 tulit
2914 825 3119 889 minus
3164 834 3496 910 acceptum

331 929 446 993 Hs
493 927 767 993 ducenta
812 930 1062 1013 triginta
1107 926 1242 993 duo
1285 927 1476 1005 milia,
1529 926 1678 1013 plus
1735 946 2076 1012 expensum
2136 927 2251 991 HS
2309 929 2645 1012 quingenta
2693 930 2938 1013 triginta
2988 932 3269 1015 quinque
3311 928 3494 1010 milia,

259 1076 272 1097 .
329 1033 449 1099 sed
505 1034 657 1099 fecit
705 1037 890 1097 etiam
947 1054 1090 1097 eum
1145 1036 1352 1098 minus
1408 1034 1706 1097 frumenti
1761 1031 1884 1096 sibi
1941 1031 2279 1097 tradidisse
2332 1032 2447 1098 HS
2505 1030 2717 1095 decies
2774 1044 2837 1097 et
2892 1036 3253 1120 octingenta
3306 1036 3495 1103 milia.

331 1140 524 1225 Quae
570 1141 777 1203 omnia
823 1138 1118 1204 damnato
1165 1137 1552 1204 Dolabellae
1597 1141 1964 1205 necessario
2021 1142 2343 1205 aestimata
2388 1150 2554 1204 sunt.
2648 1136 2969 1223 Quoniam
3032 1144 3197 1206 enim
3254 1144 3495 1209 Verres

329 1266 410 1309 ex
463 1244 758 1309 mandato
815 1254 879 1309 et
918 1245 1252 1311 voluntate
1297 1243 1680 1310 Dolabellae
1731 1265 1867 1309 rem
1923 1244 2390 1310 frumentariam
2446 1253 2850 1321 tractaverat,
2904 1266 3321 1334 quaecunque
3376 1269 3497 1334 per

329 1349 500 1437 leges
543 1352 752 1436 repeti
797 1349 1048 1429 licebat,
1093 1372 1166 1415 ea
1213 1362 1502 1437 repetere
1547 1354 1760 1415 socios
1810 1354 2100 1437 oportuit
2143 1369 2275 1415 non
2322 1352 2597 1417 a'Verre
2640 1350 2753 1415 sed
2784 1372 2821 1414 a
2853 1350 3207 1418 Dolabella.
3301 1354 3497 1419 Furta

329 1466 540 1521 autem
573 1456 829 1523 fuerunt
855 1457 1202 1521 manifesta.
1263 1459 1524 1521 Etiamsi
1553 1460 1715 1522 enim
1747 1455 2007 1521 defendi
2051 1457 2261 1542 aliqua
2306 1460 2553 1523 ratione
2597 1460 2823 1542 potuit,
2870 1470 3171 1542 quantum
3202 1460 3497 1526 frumenti

325 1566 396 1628 in
439 1584 624 1628 usum
669 1566 984 1629 exercitus
1026 1567 1410 1648 insumptum
1457 1574 1627 1628 esset
1673 1573 1910 1629 tantum
1957 1565 2171 1628 socios
2220 1561 2489 1641 dedisse,
2538 1562 2713 1647 quod
2748 1562 3151 1629 distributum
3180 1584 3313 1631 non
3344 1576 3497 1646 erat,

327 1668 399 1735 id
427 1679 604 1734 certe
633 1690 922 1735 aversum
955 1680 1104 1735 erat.
1119 1679 1342 1755 aperte
1371 1680 1434 1735 et
1463 1673 1654 1735 sociis
1681 1667 2161 1736 restituendum.
2236 1668 2497 1735 Deinde
2540 1689 2751 1755 neque
2796 1691 2871 1733 ex
2914 1673 3183 1755 pecunia
3230 1690 3411 1755 quam
3458 1689 3495 1736 a

327 1786 628 1861 praetore
671 1787 1006 1862 acceperat
1049 1796 1260 1861 neque
1307 1798 1381 1840 ex
1425 1796 1500 1841 ea
1557 1798 1744 1862 quam
1801 1800 1836 1841 a
1894 1773 2255 1839 civitatibus
2302 1785 2580 1839 exactam
2626 1774 2717 1839 illi
2762 1773 3044 1842 reddidit
3086 1780 3496 1843 intervertere

327 1881 672 1967 quidquam
704 1884 948 1947 Verres
989 1885 1219 1968 potuit,
1263 1883 1388 1947 nisi
1432 1892 1539 1945 aut
1583 1902 1660 1945 ex
1703 1885 1993 1967 pecunia,
2041 1902 2225 1966 quam
2274 1880 2630 1945 aratoribus
2678 1884 2967 1968 oportuit
3007 1904 3133 1968 pro
3176 1884 3495 1949 frumento

327 1986 492 2067 dari,
549 1992 738 2053 certis
783 1986 1146 2053 nominibus
1201 1986 1622 2053 deductiones
1665 1988 1948 2067 fecisset,
1995 1998 2104 2053 aut
2147 1986 2349 2072 pluris
2392 1988 2769 2052 trumentum
2816 1991 3265 2056 aestimavisset
3312 2010 3497 2076 quam

329 2097 550 2178 quanti
597 2116 666 2159 se
709 2098 1074 2158 aestimasse
1116 2093 1502 2159 Dolabellae
1547 2094 2028 2181 significaverat.
2095 2122 2102 2129 ·

499 2200 632 2263 lam
677 2198 955 2267 dilucide
997 2210 1222 2287 patere
1267 2200 1548 2267 arbitror
1590 2198 1748 2285 quid
1793 2202 1872 2264 sit
1915 2196 2096 2284 quod
2127 2200 2369 2264 Verres
2402 2209 2469 2265 et
2498 2198 2769 2265 solvisse
2799 2200 3183 2266 Dolabellae
3220 2212 3287 2265 et
3314 2223 3500 2267 acce-

325 2306 506 2391 pisse
549 2304 630 2369 ab
675 2327 759 2370 eo
799 2312 1132 2392 pecuniam
1175 2306 1476 2386 tradatur,
1523 2305 1762 2371 deinde
1809 2328 1922 2370 cur
1951 2308 2179 2371 Verris
2202 2306 2391 2370 ⁷furta
2432 2309 2798 2372 necessario
2842 2310 3160 2371 aestimata
3204 2310 3330 2372 sint
3358 2308 3499 2373 Do·

324 2410 620 2491 labellae,
667 2410 944 2498 denique
989 2434 1153 2498 quae
1197 2414 1364 2478 turta
1409 2416 1602 2478 insint
1645 2416 1714 2477 in
1756 2410 1964 2477 tribus
2005 2412 2131 2476 illis
2162 2411 2546 2477 nominibus.
2620 2412 2841 2476 Restat
2870 2432 3043 2477 nunc
3084 2423 3157 2476 ut
3202 2411 3499 2494 dicamus,

319 2517 744 2603 quamobrem
791 2522 1032 2584 Verres
1059 2526 1364 2585 'rationes
1415 2518 1501 2583 ad
1554 2520 1860 2584 aei-atium
1913 2517 2152 2583 referre
2208 2517 2487 2583 noluerit
2546 2528 2887 2603 antequam
2939 2518 3285 2585 Dolabella
3344 2540 3499 2586 con-

323 2621 664 2691 demnatus
731 2636 917 2690 esset.
1029 2624 1236 2694 Cuius
1300 2630 1393 2692 rei
1436 2648 1652 2712 quam
1711 2624 1944 2691 Cicero
2009 2627 2150 2710 ipse
2216 2622 2473 2689 subiicit
2536 2645 2817 2705 causam,
2888 2626 3175 2692 noluisse
3232 2628 3500 2691 Verrem

321 2732 618 2796 rationes
668 2730 924 2798 referre·
963 2736 1086 2799 nisi
1143 2732 1570 2799 condemnato
1627 2743 1692 2798 et
1742 2735 1950 2798 eiecto
2008 2751 2090 2796 eo
2150 2733 2257 2818 qui
2323 2726 2795 2818 reprehendere
2858 2732 3104 2818 posset,
3174 2730 3502 2820 diligenter

319 2836 686 2904 cavendum
746 2849 842 2903 est
897 2861 982 2903 ne
1039 2839 1123 2904 ad
1181 2861 1254 2905 ea
1311 2841 1478 2905 furta
1539 2841 1912 2918 referamus,
1978 2837 2062 2904 de
2120 2821 2355 2924 quibus
2420 2839 2546 2904 boc
2610 2835 2759 2904 loco
2827 2842 3082 2925 egimus.
3182 2839 3277 2907 Ea
3332 2844 3501 2906 enim

319 2947 420 3008 ita
467 2947 716 3029 cognita
760 2956 940 3010 erant
985 2967 1062 3012 ex
1111 2947 1332 3014 Verris
1387 2946 1650 3026 tabulis,
1710 2944 1783 3010 ut
1837 2944 1994 3010 nihil
2039 2965 2307 3031 prorsas
2350 2949 2644 3010 attineret
2690 2965 2913 3010 eorum
2960 2965 3148 3010 causa
3192 2947 3499 3014 rationem

322 3071 466 3116 non
509 3051 778 3127 κίοι-ης
832 3051 912 3116 ad
957 3055 1097 3131 boc,
1140 3055 1198 3117 si
1239 3075 1462 3118 verum
1505 3063 1605 3119 est
1649 3050 1826 3138 quod
1868 3073 2064 3137 supra
2108 3051 2585 3138 disputavimus,
2628 3073 2712 3116 ne
2758 3050 2975 3116 induci
3024 3049 3279 3135 quidem
3322 3060 3499 3118 recte

322 3158 544 3242 potuit
601 3156 854 3222 illorum
916 3161 1240 3224 nominum
1301 3181 1514 3246 neque
1573 3162 1842 3246 primum
1901 3177 2118 3244 neque
2170 3156 2525 3223 seeundum
2584 3160 2650 3222 in
2708 3159 3135 3242 quaestoriam
3190 3160 3499 3222 rationem

321 3261 588 3348 publice
629 3261 904 3328 relatam.
998 3265 1192 3330 Immo
1249 3265 1330 3330 ad
1377 3265 1496 3329 alia
1541 3266 1706 3330 furta
1749 3269 2053 3351 pertinet,
2109 3283 2273 3349 quae
2318 3263 2531 3339 multa,
2560 3265 2800 3328 Verres
2858 3265 3280 3342 commiserat,
3336 3283 3499 3349 quae

325 3371 543 3434 omnia
593 3369 785 3433 bomo
841 3371 1128 3456 prudens
1181 3382 1245 3436 et
1299 3375 1365 3436 in
1433 3374 1560 3437 boc
1621 3391 1856 3458 genere
1923 3368 2164 3436 fraudis
2226 3372 2598 3435 exercitatus
2653 3369 2869 3434 velare
2926 3379 2993 3434 et
3046 3378 3259 3455 tegere
3316 3367 3499 3434 facile

325 3479 559 3561 potuit,
606 3477 812 3540 eiecto
857 3489 1159 3562 praetore
1206 3488 1272 3543 et
1315 3478 1616 3565 abrogata
1657 3477 1792 3544 fide
1833 3476 2192 3542 rationibus
2238 3494 2395 3563 quas
2439 3477 2551 3542 ille
2596 3475 2675 3540 ad
2722 3478 3029 3540 aerarium
3076 3474 3393 3541 retulerat.

509 3582 613 3645 De
647 3582 964 3646 cibariis
995 3589 1388 3668 praetor-is
1418 3583 1939 3670 comitumque
1962 3585 2088 3646 iam
2121 3582 2312 3648 nobis
2346 3583 2741 3668 exposituri-is,
2773 3601 2913 3646 cum
2942 3579 3209 3647 verbum
3240 3584 3307 3644 in
3338 3579 3495 3648 duas

326 3685 632 3772 pluresve
677 3692 1024 3753 sententias
1071 3694 1273 3777 accipi
1317 3695 1550 3778 possit,
1595 3703 1744 3756 ante
1789 3692 1999 3756 omnia
2045 3699 2340 3754 accurate
2388 3687 2823 3754 definiendum
2870 3698 2967 3753 est
3012 3687 3167 3773 quid
3212 3685 3373 3750 illud
3416 3691 3499 3752 sit

329 3791 414 3856 de
459 3813 590 3877 quo
635 3791 1014 3880 disputetur.
1105 3798 1394 3862 Dicimus
1439 3807 1646 3862 autem
1691 3798 1818 3862 boc
1863 3796 2012 3862 loco
2063 3794 2297 3859 cibaria
2342 3797 2653 3881 pecuniae
2698 3803 2929 3858 certam
2978 3791 3293 3879 quandam
3333 3815 3497 3858 sum·-

327 3919 516 3976 ιιιεω,
575 3920 758 3985 quam
812 3912 1072 3987 praeter
1125 3903 1530 3969 tabernacula
1585 3903 2170 3989 supellectilemque
2226 3909 2290 3964 et
2354 3911 2603 3985 praeter
2656 3900 3037 3966 frumentum
3080 3902 3495 3985 pecuniamve

329 4009 464 4070 eius
521 4009 776 4072 nomine
831 4006 1146 4072 decretam
1209 4009 1570 4074 attributam
1631 4029 1776 4074 esse
1839 4007 2283 4074 contendimus
2346 4004 2809 4093 magistratibus
2872 4003 2953 4068 ad
3016 4015 3267 4070 ceteros
3329 4007 3494 4068 vitae

329 4132 484 4176 usus
528 4117 942 4178 necessarios.
1009 4113 1338 4180 Eiusmodi
1383 4119 1572 4202 igitur
1615 4113 1852 4180 cibaria
1898 4118 2163 4180 comites
2207 4116 2675 4198 magistratuum
2722 4113 3063 4195 accepisse,
3107 4111 3293 4175 facile
3334 4108 3495 4173 illud

332 4217 582 4300 quidem
629 4228 726 4282 est
771 4218 852 4282 ad
897 4219 1427 4308 cognoscendum.
1517 4224 1805 4309 Apparet
1831 4224 2020 4288 enim
2079 4241 2157 4285 ex
2202 4223 2425 4285 Verris
2470 4216 2827 4284 rationibus
2870 4219 3275 4302 quaestoriis,
3334 4235 3492 4301 quas

337 4319 476 4386 Cic.
523 4327 596 4388 in
653 4326 841 4389 Verr.
900 4327 959 4402 Ι,
1010 4333 1092 4396 14
1153 4331 1492 4392 memoriae
1547 4327 1856 4414 prodidit,
1923 4328 2191 4414 legatos,
2243 4336 2675 4411 quaestorem,
2730 4324 3061 4388 cohortem
3112 4325 3493 4406 praetoriam

331 4439 584 4513 praeter
619 4432 1002 4496 frumentum
1047 4454 1335 4500 nummos
1381 4455 1505 4499 nec
1548 4453 1664 4499 eos
1708 4431 2009 4520 stipendii
2035 4435 2297 4498 nomine
2328 4433 2668 4517 accepisse.
2738 4429 3081 4496 Praeterea
3113 4447 3493 4491 commemo-

331 4545 552 4598 rantur
607 4536 836 4602 cibaria
895 4547 956 4602 et
1003 4543 1352 4623 quaestoris
1401 4551 1461 4605 et
1505 4541 1809 4626 praefecti
1855 4561 1892 4604 a
1939 4539 2260 4606 Cicerone
2315 4537 2393 4602 ad
2442 4538 2585 4604 fam.
2632 4537 2712 4612 V,
2742 4541 2830 4607 20
2876 4545 2939 4598 et
2984 4531 3067 4599 ad
3111 4535 3237 4598 Att.
3284 4533 3397 4611 vl,
3426 4536 3489 4604 3.

333 4637 738 4706 Cibariorum
783 4648 969 4730 igitur
1013 4647 1270 4709 nomine
1315 4646 1480 4711 illam
1526 4650 1858 4732 pecuniam
1907 4645 2177 4710 solutam
2227 4665 2381 4722 esse,
2425 4638 2846 4729 probabiliter
2886 4629 3037 4705 inde
3080 4647 3297 4726 potest
3342 4659 3493 4703 con-

332 4745 458 4825 fici,
550 4746 735 4832 Quae
782 4753 1088 4816 sententia
1136 4750 1302 4816 bene
1350 4751 1756 4816 confirmatur
1800 4775 1835 4815 a
1866 4750 2436 4817 Pseudo-Asconio
2484 4748 2565 4814 ad
2611 4748 2784 4814 illum
2816 4748 3231 4813 Verrinarum
3280 4745 3492 4809 locum

333 4846 489 4916 baec
545 4850 914 4921 adnotantez
969 4856 1169 4924 Haec
1221 4855 1452 4926 omnia
1503 4856 1785 4927 nomina
1837 4867 1998 4937 sunt⁴
2051 4854 2545 4946 erogationum,
2606 4849 2847 4944 quibus
2910 4861 3035 4918 aut
3080 4847 3493 4936 stipendium

335 4955 655 5024 militibus
703 4958 972 5026 dedisse
1015 4985 1092 5029 se
1134 4961 1298 5030 dicit
1329 4963 1579 5030 Verres
1611 4973 1734 5030 aut
1761 4961 2171 5046 frumentum
2203 4961 2531 5029 coemisse
2557 4959 2629 5026 in
2660 4981 3025 5040 annonam,
3074 4965 3199 5022 aut
3244 4954 3489 5047 legatis

2996 5081 3069 5136 3*
