4300 5475
2310 322 2369 409 6

923 556 1146 619 Restat
1201 555 1325 616 iam
1381 561 1454 616 ut
1507 569 1884 641 quaeramus
1931 549 1999 612 in
2046 548 2223 633 quod
2270 560 2519 637 tempus
2564 548 2675 613 illa
2718 558 2925 614 aetate
2970 552 3434 635 magistratibus
3479 563 3769 640 sumptus
3816 553 3927 621 de-.

751 671 960 727 cretus
1009 663 1107 725 sit.
1200 660 1348 744 Qua
1403 660 1471 721 in
1526 677 1597 719 re
1651 655 1810 719 nihil
1865 654 2167 720 novatum
2232 678 2374 721 esse
2417 654 2673 721 videtur
2716 666 2863 721 ante
2908 655 3108 742 legem
3156 656 3523 725 Corneliam
3570 680 3745 725 anno
3788 664 3924 733 673

749 771 939 835 latam
987 766 1068 830 de
1117 765 1461 856 provinciis
1509 759 1900 827 ordinandis.
1991 762 2415 847 Posteaquam
2458 772 2667 827 autem
2709 760 2891 827 Sulla
2934 764 3231 841 instituit,
3287 773 3358 827 ut
3400 764 3729 851 praesides
3776 788 3925 852 pro·

750 878 1101 940 vinciarum
1147 872 1492 955 imperium,
1537 870 1780 932 etiamsi
1823 871 2189 933 nominatim
2236 879 2651 955 prorogatum
2694 887 2825 931 non
2874 879 3059 946 esset,
3102 866 3407 933 haberent
3439 867 3650 935 donec
3676 894 3927 937 sucees-

754 1002 865 1047 sor
911 1002 947 1044 a
993 987 1217 1043 senatu
1259 978 1487 1039 missus
1537 982 1702 1038 esset
1726 972 1822 1055 ¹⁴);
1880 974 2006 1039 hoc
2062 974 2319 1059 quidem
2376 973 2831 1062 impedimento
2876 994 3013 1039 non
3059 973 3178 1038 fuit
3224 979 3565 1059 quominus
3608 981 3677 1043 in
3722 1000 3925 1045 annos

753 1086 1053 1173 singulos,
1098 1093 1169 1147 ut
1214 1095 1398 1147 antea
1428 1082 1620 1145 moris
1650 1079 1877 1159 fuerat,
1921 1092 2209 1166 sumptus
2242 1080 2755 1159 decernerentur,
2802 1082 3092 1167 oportuit
3122 1092 3331 1149 autem
3362 1086 3751 1169 magistratui
3778 1106 3927 1171 per-

749 1196 940 1271 mitti,
993 1200 1064 1254 ut
1111 1199 1430 1276 quotquot
1473 1207 1680 1251 annos
1723 1188 2092 1271 provinciae
2153 1199 2477 1278 praeesset
2532 1191 2767 1253 totiens
2813 1198 3129 1274 sumptum
3176 1187 3369 1252 semel
3414 1188 3735 1255 decretum
3784 1208 3927 1255 ero-

748 1309 921 1387 garet
947 1297 1038 1378 ¹⁸).
1131 1296 1260 1362 Cui
1305 1294 1655 1358 sententiae
1699 1313 1816 1378 per
1859 1314 1928 1358 se
1973 1293 2299 1379 probabili
2344 1314 2481 1359 non
2525 1304 2851 1381 repugnat,
2900 1293 3079 1378 quod
3110 1295 3471 1379 Pompeius,
3519 1292 3929 1375 Cornificius,

751 1405 1025 1483 Caesar,
1088 1421 1461 1489 quamquam
1519 1410 1774 1464 ornatas
1831 1403 2197 1486 provincias
2252 1398 2643 1479 habuerunt,
2706 1410 2914 1465 tamen
2971 1402 3275 1486 pecunias
3332 1422 3366 1463 a
3425 1410 3649 1463 senatu
3694 1400 3929 1487 flagita-

748 1520 900 1577 runt
925 1510 1014 1591 ¹‘).
1087 1509 1258 1572 Fieri
1305 1508 1472 1570 enim
1515 1508 1740 1591 potuit,
1788 1508 2056 1592 primum
2107 1518 2177 1571 ut
2220 1505 2397 1571 unde
2442 1505 2744 1571 attributa
2777 1518 2915 1571 erat
2942 1507 3191 1592 erogari
3219 1508 3495 1590 pecunia
3523 1525 3661 1569 non
3688 1514 3929 1590 posset,

751 1638 916 1705 quae
961 1616 1272 1699 Pompeio
1319 1632 1507 1677 causa
1554 1611 1750 1677 fuisse
1794 1612 2052 1679 videtur
2096 1611 2316 1677 denuo
2360 1624 2649 1677 senatum
2696 1611 3001 1687 adeundi;
3060 1610 3293 1677 deinde
3352 1622 3422 1676 ut
3466 1614 3769 1677 maiorem
3811 1614 3928 1677 mi-

745 1725 926 1789 litum
969 1741 1296 1787 numerum
1344 1740 1529 1804 quam
1579 1738 1767 1804 quem
1812 1730 2072 1782 senatus
2117 1716 2494 1784 decreverat
2536 1723 2957 1807 imperatores
3003 1717 3279 1795 alerent,
3298 1716 3385 1781 id
3432 1716 3609 1803 quod
3663 1717 3929 1784 Caesari

749 1829 980 1895 accidit
1034 1837 1100 1890 et
1145 1824 1523 1891 Cornificio.
1614 1822 2074 1894 Difficillimum
2131 1836 2342 1889 autem
2401 1835 2498 1890 est
2555 1825 2835 1911 exempla
2892 1826 3077 1891 huius
3122 1828 3219 1887 rei
3262 1823 3518 1902 afferre,
3578 1832 3931 1910 propterea

750 1933 927 2022 quod
971 1942 1218 1996 veteres
1263 1934 1612 2017 scriptores
1657 1950 1922 2015 perraro
1967 1918 2106 1997 eain
2158 1935 2485 2017 attingunt.
2578 1932 2737 1995 Mihi
2784 1930 3039 2017 quidem
3086 1930 3351 2015 impigre
3398 1932 3929 2015 circumspicienti

749 2042 876 2106 hoc
921 2059 1114 2103 unum
1157 2047 1400 2103 tantum
1447 2058 1518 2101 se
1566 2035 1814 2101 obtulit.
1888 2035 1973 2101 M.
2006 2036 2261 2115 Cicero,
2304 2058 2447 2101 cum
2480 2035 2861 2102 decessurus
2898 2058 3086 2121 quem
3133 2038 3503 2122 provinciae
3548 2036 3929 2121 praeficeret

749 2144 938 2211 valde
985 2142 1337 2221 laboraret,
1391 2144 1550 2207 haec
1603 2142 1857 2225 scripsit
1909 2140 1992 2205 ad
2037 2142 2166 2206 Att.
2215 2144 2341 2220 vl,
2395 2148 2466 2215 3:
2526 2140 2702 2209 Cum
2744 2142 2995 2208 bellum
3040 2162 3194 2209 esse
3238 2139 3310 2205 in
3350 2140 3561 2231 Syria
3604 2164 3929 2231 magnum

738 2260 1046 2342 putetur,
1091 2248 1168 2314 id
1211 2247 1520 2314 videatur·
1563 2245 1634 2312 in
1662 2244 1842 2311 hanc
1863 2246 2295 2335 provinciam
2326 2258 2727 2337 erupturum,
2770 2246 2880 2314 hic
2906 2246 3237 2336 praesidii
3260 2245 3429 2313 nihil
3454 2246 3567 2327 sit,
3612 2257 3927 2336 sumptus

745 2379 1011 2426 annuus
1059 2355 1372 2421 decretus
1418 2353 1538 2419 sit.-
1595 2350 1998 2417 videaturne
2059 2362 2185 2418 aut·
2230 2352 2519 2441 pietatis
2578 2376 2733 2421 esse
2784 2374 2979 2419 meae
3019 2349 3319 2443 fratrem
3364 2352 3748 2444 relinquere
3802 2362 3930 2419 aut

748 2462 1138 2553 diligentiae
1196 2482 1528 2554 nugarum
1574 2456 1837 2547 aliquid
1875 2457 2060 2542 (dicit
2107 2458 2403 2525 Coelium
2449 2465 2881 2551 quaestorem)
2926 2458 3339 2548 relinquere?
3429 2462 3585 2547 Quo
3628 2460 3781 2525 loco
3827 2482 3931 2525 res

745 2574 810 2634 in
860 2592 940 2634 eo
987 2571 1269 2645 vertitur,
1315 2575 1387 2630 ut
1431 2563 1626 2629 verba
1672 2572 1986 2652 sumptus
2035 2586 2305 2631 annuus
2352 2564 2664 2633 decretus
2711 2568 2807 2635 sit
2864 2580 3041 2635 recte
3084 2566 3533 2653 intelligantur.
3625 2566 3925 2653 Quorum

746 2696 911 2763 quae
957 2676 1155 2761 prima
1202 2674 1534 2760 quaerenti
1579 2675 1859 2736 occurrit
1903 2670 2256 2758 explicatio,
2302 2672 2461 2738 haec
2504 2685 2601 2740 est
2646 2676 2917 2742 Manutii
2964 2685 3455 2761 ceterorumque
3506 2672 3689 2768 quod
3722 2674 3925 2740 sciam

745 2785 1190 2868 interpretum:
1250 2789 1539 2865 sumptus
1597 2777 1665 2844 in
1719 2798 1952 2844 annum
2007 2788 2251 2842 tantum
2310 2777 2605 2845 decretus
2664 2793 2761 2847 est
2814 2783 3095 2868 ideoque
3152 2785 3535 2848 circumacto
3584 2784 3706 2845 iam
3752 2801 3925 2846 anno

745 2887 943 2952 frater
989 2889 1260 2975 pecunia
1305 2885 1566 2972 publica
1611 2906 1880 2971 prorsus
1928 2883 2265 2949 destitutus
2312 2890 2447 2951 erit.
2523 2888 2753 2953 Facilis
2784 2911 2937 2954 sane
2982 2898 3045 2952 et
3090 2887 3170 2952 ad
3219 2887 3415 2953 verba
3447 2886 3925 2953 accommodata

743 2997 1215 3080 interpretatio,
1269 2995 1475 3059 minus
1522 3001 1730 3056 tamen
1779 2989 2133 3079 probabilis
2179 2991 2280 3056 vel
2329 2991 2530 3058 dicam
2576 3016 2843 3082 prorsus
2889 2992 3260 3073 reiicienda,
3316 2997 3372 3058 si
3416 2995 3499 3058 ad
3542 3015 3676 3059 rem
3721 2996 3923 3080 ipsam

743 3101 1016 3166 animum
1058 3098 1427 3167 adverteris.
1518 3097 1796 3164 Primum
1843 3101 2008 3164 enim
2053 3119 2277 3183 parum
2324 3099 2631 3166 credibile
2678 3101 2947 3178 videtur,
2988 3120 3074 3165 ne
3122 3099 3445 3166 decretum
3489 3098 3749 3185 quidem
3781 3121 3921 3164 esse

743 3215 1062 3293 sumptum
1107 3202 1484 3292 proconsuli
1523 3212 1652 3268 tam
1690 3201 2062 3269 ‚necessario
2109 3214 2421 3291 tempore,
2478 3217 2603 3270 tam
2662 3207 3040 3293 propinquis
3084 3207 3163 3270 iis
3209 3204 3504 3270 hostibus
3552 3207 3665 3290 qui
3706 3204 3811 3270 vel
3852 3206 3923 3270 in

743 3307 902 3398 pace
945 3309 1285 3396 tranquilla
1331 3307 1568 3375 bellum
1601 3312 1876 3374 excitare
1907 3321 2193 3396 possent,
2240 3310 2476 3376 nedum
2508 3315 2574 3377 in
2605 3308 2789 3377 bello
2814 3315 3135 3398 respirare
3163 3312 3411 3376 vicinos
3438 3321 3815 3398 paterentur
3832 3311 3921 3392 ¹⁷).

755 3596 837 3662 ¹⁴)
885 3590 999 3650 Cic.
1037 3591 1104 3648 ad
1141 3589 1263 3648 fam.
1301 3590 1345 3658 1,
1380 3593 1434 3658 9,
1473 3595 1560 3647 12.
1633 3589 1996 3665 Quamobrem
2033 3599 2154 3648 ante
2178 3590 2359 3666 legem
2398 3590 2702 3650 Corneliam
2739 3563 3083 3669 prorogatum
3116 3611 3241 3650 ease
3275 3591 3435 3650 alicui
3471 3567 3755 3669 imperium
3781 3590 3920 3647 dice-

883 3680 1066 3752 batur,
1113 3689 1298 3759 postea
1347 3680 1398 3734 ei
1443 3699 1552 3736 non
1597 3698 1720 3736 esse
1763 3697 2099 3748 successum,
2152 3678 2466 3758 plerumque
2512 3680 2755 3757 quidem,
2803 3701 2921 3738 nam
2969 3691 3024 3738 et
3058 3680 3194 3738 illud
3231 3691 3374 3738 reete
3411 3679 3518 3738 dici
3554 3682 3798 3758 potuisse
3832 3701 3923 3758 ap·

881 3779 1052 3847 paret.
1125 3767 1220 3826 Sic
1253 3766 1473 3826 Sextius
1509 3777 1860 3872 proque-ester
1895 3767 2232 3874 Macedoniae
2269 3765 2584 3874 Ciceronem
2622 3772 2852 3876 rogavit,
2888 3782 2952 3875 ut
2986 3790 3201 3850 operam
3235 3767 3385 3826 daret
3421 3788 3488 3874 ne
3526 3771 3631 3874 sibi
3669 3767 3919 3874 succede-

882 3863 1123 4002 2:2¹3}ss
1127 3853 1529 4016 {nimbifhss'
1522 3896 1539 3922 '
1566 3867 1632 4001 Σῖ
1655 3854 2249 4004 ῗέξὲἶῗίἱῗιῗίῗ
2244 3857 2439 4015 3:31⁹
2442 3878 2592 4005 ‘2³:2¹'
2594 3868 3171 4024 ῗξῗρῗῖὶἱῖῗὲἰῗὲἱῖζ
3208 3857 3925 4004 {imeiussffssiss'ciiiffi

881 4033 976 4106 (ad
1013 4033 1123 4109 Qu.
1158 4031 1391 4103 rr.1‚1).
1452 4031 1612 4108 Quod
1651 4053 1779 4090 vero
1813 4035 1956 4092 idem
1991 4035 2059 4091 ad
2098 4035 2335 4095 Atticum
2370 4035 2440 4105 V,
2462 4041 2533 4092 21
2569 4038 2802 4113 scripsit,
2838 4055 2949 4094 non
2983 4045 3259 4120 repugnat,
3297 4035 3447 4114 quod
3484 4030 3736 4092 Ciceroni
3772 4043 3917 4091 extra

883 4122 1124 4180 ordinem
1165 4143 1335 4178 annua
1369 4124 1640 4200 provincia
1678 4123 1878 4180 diserte
1914 4123 2122 4180 decreta
2162 4134 2291 4181 erat.

752 4215 804 4248 ¹⁸
811 4216 838 4286 )
884 4210 1196 4269 Similiter
1181 4213 1264 4278 iis,
1303 4211 1499 4287 quibus
1535 4220 1682 4268 extra
1720 4211 1959 4270 ordinem
1997 4213 2294 4290 plebiscitis
2329 4215 2633 4292 provinciae
2668 4216 2725 4271 in
2760 4211 3067 4291 complures
3103 4233 3270 4270 annos
3307 4212 3649 4272 demandatae
3684 4219 3825 4277 sunt,
3864 4212 3922 4266 in

883 4299 1108 4448 ῗῑὶῑξξίιὶι
1136 4301 1502 4448 gingoqnetxitqm·
1538 4310 1786 4448 :pipp-tus
1820 4301 2064 4359 attributi
2100 4309 2243 4360 sunt.
2317 4299 2404 4360 Cf
2452 4302 2519 4361 de
2565 4302 2683 4381 lege
2718 4301 2988 4361 Trebonia
3030 4301 3172 4359 Plut-
3207 4300 3397 4380 Pomp.
3436 4323 3481 4359 c.
3506 4303 3576 4358 55
3612 4309 3667 4358 et
3701 4297 3767 4354 de
3804 4299 3921 4375 lege

751 4479 838 4548 ιὓ)
885 4474 1108 4532 Sallust.
1145 4475 1330 4556 frg.·p.
1355 4481 1463 4536 230
1511 4479 1593 4534 ed.
1629 4477 1889 4546 Gen-laem
1946 4475 2062 4535 Cic.
2107 4479 2175 4536 ad
2220 4477 2342 4537 fam.
2377 4478 2500 4550 ΧΠ,
2534 4485 2607 4541 28
2642 4491 2697 4538 et
2730 4485 2830 4550 3o;
2872 4501 2973 4560 pro
3011 4479 3183 4538 Balbo
3216 4483 3308 4548 27,
3352 4476 3422 4535 de
3455 4497 3606 4556 prov.
3643 4495 3791 4535 cons.
3830 4480 3918 4546 11,

753 4659 768 4690 ¹
787 4658 808 4690 ⁷
818 4665 835 4723 )
886 4563 1568 4732 §loliudlppldnzi-elffiepius
1601 4657 1660 4712 ln
1693 4656 1950 4732 angustiis
1987 4657 2175 4712 aerarii
2206 4660 2541 4716 necessarios
2574 4668 2823 4738 sumptus
2858 4659 3272 4738 imperatoribus
3304 4675 3417 4715 non
3450 4675 3573 4713 esse
3606 4656 3917 4735 suppedita-

883 4752 987 4798 tos.
1057 4741 1130 4797 lis
1165 4743 1332 4809 enim,
1383 4761 1504 4800 eum
1553 4745 1686 4801 iussi
1733 4755 1913 4802 essent
1955 4746 2061 4822 ipsi
2107 4746 2427 4804 exercitibus
2464 4747 2741 4806 consulere
2780 4747 2929 4819 (Liv.
2958 4753 3051 4816 23,
3072 4753 3173 4815 21,
3220 4747 3337 4804 cie.
3369 4745 3441 4802 ad
3478 4745 3601 4804 fam.
3636 4745 3759 4814 ΧΠ,
3792 4747 3919 4814 28),

883 4831 1130 4886 decretus
1167 4839 1282 4886 erat
1314 4841 1558 4908 sumptus
1595 4831 1948 4910 undecunque
1983 4844 2280 4902 sumerem
2326 4833 2607 4895 Ciceronis
2653 4847 2829 4896 antem
2864 4837 3167 4896 successori
3198 4845 3421 4913 emptu
3453 4853 3565 4893 nen
3600 4835 3815 4894 decreto
3850 4851 3921 4890 ne

885 4917 940 4976 id
977 4917 1190 4996 quidem
1227 4921 1548 4997 permissum
1584 4920 1703 4992 fuit,
1739 4932 1802 4980 ut
1834 4925 2112 5000 pecuniam
2145 4925 2203 4980 in
2237 4926 2514 5001 provincia
2548 4938 2765 5004 cogeret
2796 4937 2891 4987 aut
2926 4936 3163 4986 mutuam
3198 4935 3450 4984 sanast.
