4300 5475
2330 366 2387 453 8

771 603 1135 695 provincias
1181 606 1511 685 reportare
1551 595 1654 657 vix
1699 600 1868 657 esset
1912 592 2345 655 Romanorum
2385 587 2763 676 prudentiae
2794 598 2857 652 et
2888 589 3328 674 parsimoniae,
3372 592 3726 655 institutum
3770 591 3947 656 vide-

771 723 880 777 tur
925 731 1082 787 esse,
1128 716 1200 772 ut
1245 712 1533 791 sumptus
1578 720 1743 785 quos
1788 700 2030 762 Romae
2064 708 2140 761 et
2184 700 2250 761 in
2296 700 2523 761 itinere
2567 693 2994 782 proconsules
3036 695 3322 759 facerent
3368 716 3441 759 ex
3486 700 3729 763 aerario
3762 720 3949 783 prae-

775 819 939 882 senti
982 814 1258 901 pecunia
1305 806 1868 895 suppeditarentur
1889 806 1996 885 ³²),
2056 824 2219 888 quos
2276 824 2435 867 vero
2488 804 2553 866 in
2610 804 2959 887 provinciis
3014 801 3317 880 iacerent,
3376 804 3429 865 si
3490 802 3813 869 sufficeret
3858 804 3949 871 illi

779 924 962 989 oneri
1006 920 1364 1005 provincia,
1425 936 1500 977 ex
1558 916 1690 977 eius
1736 906 2177 995 vectigalibus,
2234 911 2330 972 sin
2378 910 2612 985 minus,
2660 928 2734 971 ex
2776 907 3191 993 vectigalibus
3232 908 3640 972 finitimarum
3684 912 3950 994 provin-

778 1030 1012 1092 ciarum
1037 1026 1110 1107 ²³)
1155 1032 1264 1086 aut
1309 1043 1383 1085 ex
1429 1022 1571 1106 ipso
1617 1020 1863 1081 aerario
1909 1012 2425 1078 attribuerentur.
2504 1013 2713 1098 Quam
2759 1032 2894 1076 rem
2937 1011 3369 1099 explicandam
3400 1024 3463 1077 et
3494 1015 3949 1100 expediendam

780 1142 1054 1208 senatus,
1086 1150 1284 1215 penes
1317 1148 1502 1213 quem
1535 1145 1772 1188 summa
1802 1130 2092 1209 potestas
2123 1130 2259 1183 erat
2288 1141 2421 1185 non
2454 1118 2659 1184 solum
2693 1117 3133 1184 decernendae
3153 1119 3273 1183 sed
3298 1120 3483 1183 etiam
3506 1119 3949 1189 attribuendae

776 1238 1090 1327 pecuniae
1148 1233 1441 1320 publicae
1466 1231 1567 1313 ²⁴),
1627 1229 1999 1315 plerumque
2057 1248 2245 1290 curae
2302 1236 2364 1290 et
2420 1224 2869 1312 providentiae
2934 1236 3339 1316 quaestorum
3408 1224 3795 1292 urbanorum
3858 1233 3951 1293 vi·-

781 1342 971 1408 detur
1017 1339 1445 1406 demandasse.
1513 1336 1743 1421 Neque
1793 1336 1975 1412 enim,
2023 1334 2076 1396 si
2125 1334 2327 1396 omnis
2374 1352 2526 1395 cura
2573 1341 2977 1417 quaestorum
3020 1332 3089 1394 in
3136 1330 3263 1396 hoc
3308 1331 3677 1399 versabatur
3720 1345 3790 1399 ut
3834 1358 3953 1423 pe-

781 1451 1028 1514 cuniam
1086 1467 1119 1509 a
1165 1454 1389 1509 senatu
1439 1442 1758 1509 decretam
1805 1438 2261 1515 dissolverent,
2318 1440 2672 1523 excogitare
2716 1458 3057 1523 possumus
3106 1436 3259 1522 quid
3306 1437 3610 1503 benefic-ii
3654 1440 3728 1502 T.
3775 1440 3953 1527 Liga-

777 1558 910 1621 rius
955 1559 1194 1639 quaest.
1246 1548 1385 1613 urb.
1433 1551 1502 1612 in
1549 1546 1894 1613 Caesarem
1940 1567 2118 1631 proc.
2165 1542 2461 1608 conferre
2504 1546 2794 1629 potuerit
2810 1543 2913 1625 ²⁶),
2970 1564 3181 1627 neque
3232 1546 3381 1608 satis
3434 1543 3787 1631 intelligere
3832 1549 3951 1613 hos

781 1659 947 1726 duos
997 1655 1330 1723 Ciceronis
1377 1654 1588 1720 locos:
1637 1652 1719 1717 ad
1763 1654 1892 1717 Att.
1937 1650 2014 1727 11,
2045 1654 2110 1717 6=
2131 1648 2396 1735 Scripsi
2434 1648 2533 1713 ad
2556 1657 2957 1739 quaestores
2988 1647 3295 1714 urbanos
3326 1649 3411 1714 de
3452 1650 3953 1742 Quintijratn's

777 1762 1068 1857 negotio.
1166 1756 1334 1823 Vide
1388 1757 1554 1849 quid
1593 1764 1899 1835 narrent,
1959 1776 2211 1844 ecquae
2268 1776 2428 1843 spes
2484 1754 2579 1819 sit
2628 1752 2903 1819 denarii
2950 1777 3041 1819 an
3098 1752 3481 1842 cistophoro
3528 1756 3951 1845 Pompeiano

778 1873 1153 1948 iaceamus,
1199 1874 1260 1929 et
1290 1863 1373 1929 ib.
1411 1871 1520 1935 16:
1579 1862 2013 1952 Quaestores
2058 1880 2315 1951 quaeso
2364 1882 2523 1925 num
2558 1857 2765 1924 etiam
2798 1857 2883 1923 de
2912 1857 3300 1947 cistophoro
3334 1858 3707 1929 dubitant?
3770 1864 3953 1931 Nam
4060 1868 4073 1882 ‘

779 1978 848 2044 si
885 1972 1058 2040 nihil
1097 1968 1291 2037 aliud
1329 1970 1484 2053 erit,
1545 1992 1698 2035 cum
1743 1965 1996 2033 erimus
2045 1963 2277 2031 omnia
2322 1964 2591 2053 experti
2594 2016 2614 2049 ‚
2672 1986 2795 2055 ego
2848 1987 2934 2030 ne
2987 1964 3165 2031 illud
3211 1965 3479 2054 quidem
3522 1984 3953 2037 contemnam

778 2079 966 2174 quod
1007 2087 1394 2145 extremum
1436 2083 1563 2140 est.
1656 2076 1725 2139 Si
1780 2094 1938 2139 vero
1995 2083 2403 2158 quaestorum
2464 2082 2598 2136 erat
2642 2082 2949 2151 statuere,
3006 2094 3043 2135 a
3098 2094 3255 2157 quo,
3305 2095 3435 2159 quo
3480 2073 3659 2153 loco,
3720 2076 3953 2163 quibus

777 2188 1046 2255 nummis
1092 2182 1374 2249 debitum
1417 2180 1803 2259 solveretur,
1863 2178 1944 2243 de
1989 2180 2241 2264 Ligario
2300 2177 2555 2262 quidem
2612 2178 2813 2265 liquet
2868 2198 2990 2241 nec
3036 2176 3369 2244 Ciceronis
3424 2181 3624 2246 verba
3672 2180 3955 2249 difficilia

781 2303 931 2359 sunt
983 2290 1064 2355 ad
1125 2285 1581 2375 explicandum.
1673 2287 1759 2375 Q.
1807 2287 1969 2349 enim
2019 2283 2256 2349 Cicero
2314 2294 2630 2369 sumptum
2682 2304 2963 2348 annuum
3016 2295 3287 2370 propter
3342 2298 3746 2374 prorogatam
3800 2312 3953 2376 pro-

776 2401 1046 2465 vinciam
1099 2394 1222 2459 sibi
1278 2393 1561 2458 debitum
1608 2395 1854 2458 Romae
1905 2388 2126 2455 maluit
2170 2391 2461 2475 accipere
2506 2410 2693 2473 quam
2739 2392 2805 2455 in
2854 2390 3030 2469 Asia,
3087 2390 3368 2478 ideoque
3412 2393 3733 2460 mandavit
3777 2396 3952 2461 fratri

777 2517 849 2571 ut
895 2506 1014 2569 hac
1059 2500 1141 2565 de
1187 2522 1258 2563 re
1306 2522 1448 2563 cum
1491 2498 1940 2586 quaestoribus
1987 2506 2213 2581 ageret.
2302 2496 2700 2584 Quaestores
2747 2506 2983 2575 autem,
3039 2520 3180 2562 cum
3236 2522 3311 2564 ex
3364 2520 3543 2566 more
3588 2504 3955 2568 statuissent

777 2623 852 2678 ut
895 2609 1222 2698 publicani
1268 2607 1488 2670 Asiani
1543 2603 1721 2698 quod
1767 2606 1893 2690 ipsi
1937 2604 2183 2667 aerario
2240 2600 2552 2666 deberent
2596 2602 2849 2690 Quinto
2902 2602 3248 2683 solverent,
3304 2606 3443 2669 iure
3500 2627 3619 2671 suo
3672 2608 3957 2693 postula-

778 2728 944 2795 runt,
990 2735 1120 2781 non
1168 2722 1242 2780 ut
1285 2712 1521 2778 Cicero
1570 2712 1973 2798 cistophoros
2017 2710 2193 2794 ipsos
2242 2710 2587 2794 acciperet,
2632 2707 2747 2775 sed
2794 2718 2864 2773 ut
2906 2720 3150 2796 quanto
3196 2714 3454 2778 minoris
3502 2724 3721 2777 essent
3765 2716 3955 2780 cisto-

779 2825 970 2913 phori
1016 2825 1257 2889 Romae
1304 2841 1490 2905 quam
1535 2821 1604 2884 in
1646 2819 1798 2883 Asia
1843 2825 2085 2880 tantum
2133 2813 2433 2881 Ciceroni
2494 2837 2569 2879 ex
2621 2836 2858 2879 summa
2916 2814 3363 2884 deduceretur.
3456 2819 3713 2905 Triplex
3766 2822 3954 2907 igitur

782 2929 1035 2994 videtur
1088 2927 1283 2991 fuisse
1338 2946 1569 2989 munus
1628 2933 2052 3009 quaestorum.
2156 2922 2431 2985 Primum
2490 2919 2746 3006 quidem
2802 2922 3213 3008 inquirebant
3276 2945 3425 2989 num
3486 2927 3629 2988 iure
3684 2929 3953 3012 pecunia

780 3034 1242 3124 postularetur,
1297 3051 1512 3116 neque
1571 3033 1735 3093 enim
1793 3028 2134 3115 quidquam
2192 3049 2269 3091 ex
2323 3029 2567 3090 aerario
2624 3030 2870 3114 erogari
2924 3027 3101 3092 licuit
3162 3032 3285 3094 nisi
3330 3051 3406 3094 ex
3452 3029 3665 3106 sCto;
3720 3030 3954 3096 deinde

780 3135 1148 3206 statuebant
1191 3137 1304 3202 ubi
1349 3146 1412 3201 et
1457 3158 1492 3199 a
1538 3157 1670 3220 quo
1717 3134 2100 3209 solveretur3
2147 3131 2429 3218 denique
2474 3135 2530 3196 si
2573 3135 2816 3198 Romae
2860 3137 3196 3220 pecuniam
3242 3135 3407 3200 solvi
3452 3136 3794 3223 placuerat,
3840 3159 3955 3201 nu-

777 3245 1103 3312 merabant
1145 3253 1254 3308 aut
1296 3244 1418 3329 ipsi
1465 3252 1574 3306 aut
1618 3263 1736 3328 per
1777 3242 2116 3320 ministros,
2162 3241 2261 3302 sin
2304 3241 2529 3318 minus,
2574 3238 2961 3306 mandabant
3004 3243 3380 3327 proconsuli
3424 3253 3496 3308 ut
3524 3245 3664 3329 ipse
3696 3242 3955 3309 aliunde

779 3354 1114 3439 pecuniam
1161 3352 1430 3436 exigeret
1451 3349 1544 3433 ²⁸).
1636 3346 1712 3412 Id
1760 3346 1937 3431 quod
1983 3347 2217 3412 iactum
2264 3366 2403 3408 esse
2448 3355 2917 3431 permutatione
2962 3353 3269 3434 pecuniae
3326 3347 3657 3435 publicae,
3712 3348 3955 3435 proba-

779 3457 994 3524 biliter
1037 3465 1256 3541 potest
1302 3455 1538 3522 confici
1583 3475 1658 3518 ex
1703 3451 1840 3519 Cic.
1887 3451 1970 3516 ad
2015 3453 2157 3516 fam.
2207 3451 2317 3529 111,
2348 3457 2415 3521 5:
2462 3449 2853 3520 Laodiceae
2888 3474 3283 3542 perpaucos
3332 3452 3495 3534 dies,
3544 3452 3703 3518 dum
3742 3477 3955 3545 pecu-

785 3563 904 3629 nia
949 3559 1292 3648 accipitur
1334 3581 1512 3649 quae
1555 3556 1722 3624 mihi
1760 3579 1852 3624 ex
1887 3555 2173 3646 publiea
2208 3557 2726 3644 permutatione
2771 3557 3067 3640 debetur,
3132 3557 3612 3626 commorabor.
3700 3562 3955 3627 Permu-

782 3680 920 3734 tare
967 3679 1177 3733 autem
1221 3669 1556 3752 pecuniam
1598 3666 1860 3751 proprie
1904 3666 1959 3728 is
2007 3663 2261 3741 dicitur,
2319 3667 2427 3748 qui
2484 3675 2591 3728 aut
2648 3675 2719 3728 ut
2774 3686 2903 3729 rem
2962 3668 3233 3750 accipiat
3276 3687 3411 3730 non
3454 3669 3791 3750 pecuniam
3837 3669 3955 3733 sed

784 3797 916 3842 rem
963 3775 1084 3852 dat,
1129 3783 1254 3850 aut,
1299 3769 1479 3858 quod
1520 3768 1689 3835 idem
1737 3779 1848 3848 est,
1896 3791 2185 3834 nummos
2220 3767 2326 3834 dat
2358 3778 2427 3831 ut
2459 3768 2622 3834 alius
2654 3773 2898 3856 generis
2928 3790 3218 3852 nummos
3247 3774 3518 3857 accipiat
3538 3773 3633 3852 ²¹¹).
3694 3773 3957 3840 Deinde

785 3883 841 3945 is
889 3897 1146 3965 quoque
1189 3883 1505 3964 permutat
1551 3896 1694 3940 cum
1737 3872 1938 3942 altero
1985 3876 2347 3961 pecuniam,
2408 3876 2517 3960 qui
2572 3874 2667 3939 illi
2718 3884 2826 3941 aut
2880 3874 2990 3940 dat
3042 3897 3333 3943 nummos
3388 3887 3499 3942 aut
3542 3899 3613 3942 se
3662 3876 3949 3944 daturum

797 4162 886 4228 ²²)
931 4153 1114 4212 Veluti
1150 4157 1406 4214 vasatium
1441 4153 1656 4214 Pisonis
1691 4153 1838 4226 (Cic.
1876 4159 1932 4214 in
1968 4155 2075 4214 Pis.
2112 4159 2208 4228 35)
2250 4166 2305 4213 et
2348 4158 2597 4214 viaticum
2640 4155 2935 4233 legatorum
2977 4157 3078 4232 (ed-
3112 4156 3233 4215 fem.
3270 4161 3367 4228 12,
3400 4161 3482 4231 3).
3552 4157 3761 4217 Deinde
3790 4159 3951 4216 etism

929 4241 1344 4312 tabernaculum,
1381 4246 1642 4322 supellex,
1678 4243 1810 4302 muli
1847 4255 1946 4300 eet.
1985 4245 2187 4302 Romae
2220 4247 2459 4324 praebita
2498 4255 2641 4305 sunt.

795 4339 882 4460 ζ’)
935 4331 1074 4389 Plut.
1116 4329 1302 4409 Pomp.
1337 4336 1424 4391 25.
1494 4331 1702 4393 Lucull.
1738 4337 1826 4392 37.
1897 4333 2014 4392 Cic.
2052 4333 2120 4390 sd
2157 4334 2275 4392 hm.
2310 4333 2431 4400 ΧΠ,
2462 4338 2543 4404 14,
2580 4332 2649 4403 V,
2672 4340 2761 4393 2⁰.

795 4429 884 4496 Η)
936 4420 1432 4478 commemorentur
1467 4419 1640 4492 SCts,
1689 4422 1885 4499 quibus
1929 4433 2144 4482 senatus
2191 4425 2310 4500 ipse
2357 4423 2591 4482 decrevit
2626 4425 2767 4482 unde
2800 4427 3021 4501 pecunia
3058 4436 3379 4501 erogaretur.
3450 4423 3631 4482 Veluti
3666 4427 3886 4503 pecunia
3924 4447 3953 4482 e

933 4508 1208 4568 Ciceronis
1245 4520 1526 4588 quaestore
1561 4512 1616 4565 in
1651 4510 1772 4568 l‘sno
1811 4511 2050 4589 deposita
2085 4531 2154 4570 ex
2188 4511 2340 4570 SCto
2378 4509 2439 4569 P.
2476 4511 2658 4570 Sestio
2706 4512 2896 4570 tradite
2942 4525 3029 4573 est
3072 4515 3167 4588 (ed
3204 4514 3327 4572 fem.
3362 4514 3430 4584 V,
3452 4517 3551 4588 20)
3588 4525 3644 4570 et
3678 4513 3746 4571 ΙΙ.
3782 4513 3951 4571 Bruto

931 4595 1447 4743 Sgtghplenlnissum
1491 4607 1604 4666 est,
1661 4611 1724 4656 ut
1773 4601 2049 4679 pecuniam
2104 4619 2240 4675 quse
2290 4601 2346 4656 in
2392 4599 2696 4660 Macedonia
2746 4605 2958 4682 publice
3016 4616 3160 4665 esset
3210 4606 3445 4680 exigeret
3494 4613 3551 4660 et
3604 4623 3665 4660 ee
3716 4613 3953 4661 uteretur

932 4695 956 4756 (
1131 4689 1189 4742 i.
1269 4691 1338 4754 ι).

796 4781 882 4844 ²⁵)
933 4774 999 4832 οἳ.
1038 4772 1105 4828 de
1141 4774 1239 4830 hae
1275 4793 1332 4830 re
1367 4775 1482 4833 Cic.
1517 4796 1619 4853 pro
1655 4773 1774 4851 Lig-
1811 4780 1893 4834 12·

798 4869 884 4935 ²⁸)
933 4861 1048 4919 Hoc
1084 4864 1188 4919 nisi
1225 4861 1382 4920 fallor
1414 4865 1744 4940 significatur
1778 4862 2004 4926 formula
2037 4869 2094 4926 in
2129 4866 2226 4924 hee
2260 4885 2320 4926 re
2354 4867 2629 4928 sollemni:
2673 4881 3033 4944 quaestores
3068 4873 3235 4940 dent,
3274 4873 3654 4939 attribuant,
3692 4875 3952 4931 solvant.

797 4957 886 5024 ²⁷)
935 4951 969 5008 l.
1004 4956 1038 5008 5
1077 4948 1146 5008 D.
1184 4949 1250 5008 de
1284 4971 1512 5030 praescr.
1549 4954 1689 5010 verb.
