4300 5475
1866 363 1989 451 23

349 597 645 683 gistratus
699 594 1062 680 provincias
1119 610 1250 657 non
1297 587 1578 676 populo,
1637 586 1753 653 sed
1813 588 2240 655 creditoribus
2294 593 2636 677 amicisque
2682 590 3116 657 administrare
3164 604 3534 678 coeperunt,

350 722 488 767 nec
533 702 864 787 quisquam
911 698 1033 764 sibi
1079 700 1326 783 putavit
1369 707 1558 781 turpe
1607 696 1780 781 quod
1831 696 1933 761 alii
1979 698 2186 761 fuerat
2229 696 2643 773 fructuosum3
2690 707 3021 782 praetores
3065 722 3187 786 pro
3223 701 3535 766 frumento

361 809 692 896 pecuniam
741 806 876 870 fere
922 802 1259 871 comitibus
1307 799 1706 889 assignabant
1753 814 1814 869 et
1860 801 2312 889 permittebant
2372 812 2441 865 ut
2496 824 2570 865 ex
2622 807 2752 867 suis
2798 803 3046 885 litteriS,
3106 829 3270 893 quae
3329 804 3535 893 diplo-

358 926 524 985 mata
569 924 679 977 aut
725 912 999 1001 symboli
1047 905 1537 997 appellabantur
1559 907 1662 990 ⁰⁸),
1720 911 1841 994 ipsi
1895 910 1990 973 illi
2042 932 2077 974 a
2125 907 2485 974 civitatibus
2532 908 2907 975 frumentum
2954 915 3285 999 exigerent.
3378 911 3533 997 Quo

355 1022 590 1089 factum
636 1030 762 1096 est,
789 1028 879 1093 ,ut
925 1020 1190 1085 comites
1236 1014 1328 1083 illi
1373 1013 1628 1099 quidem
1677 1015 2104 1095 commodum,
2162 1014 2340 1101 quod
2384 1016 2451 1081 in
2496 1016 2712 1098 iniqua
2759 1016 3057 1081 frumenti
3101 1020 3536 1087 aestimatione

353 1132 540 1205 inest,
585 1125 1110 1211 adipiscerentur,
1157 1124 1316 1186 socii
1359 1143 1516 1186 vero
1564 1124 1684 1185 iam
1731 1124 2049 1207 praetoris
2093 1123 2355 1187 avaritia
2400 1120 2803 1185 vehementer
2846 1120 3207 1187 labefactati
3239 1124 3533 1189 omnibus

353 1233 632 1300 fortunis
683 1228 976 1295 funditus
1035 1237 1476 1293 everterentur
1529 1229 1827 1291 comitum
1880 1230 2213 1314 iniquitate
2268 1236 2457 1312 atque
2512 1228 2758 1291 iniuria.
2856 1228 3045 1315 Quae
3101 1251 3202 1293 res
3260 1252 3401 1294 cum
3458 1252 3534 1295 ex

357 1338 628 1407 Catonis
688 1340 1023 1403 severitate
1080 1332 1294 1419 aliquo
1349 1330 1544 1397 modo
1605 1332 1815 1419 colligi
1864 1338 2097 1421 possit,
2164 1346 2291 1398 tum
2338 1330 2652 1419 patefacta
2697 1330 2886 1397 nobis
2934 1345 3026 1399 est
3072 1336 3196 1401 hoc
3241 1338 3533 1422 pertenui

355 1454 724 1532 argumento
793 1440 1183 1525 indicioque.
1295 1438 1532 1505 Cicero
1598 1452 1668 1503 ut
1733 1438 2083 1507 Caecilium
2147 1451 2551 1527 quaestorem
2619 1441 2945 1505 criminum
3014 1444 3318 1509 societate
3391 1465 3533 1509 cum

352 1554 564 1617 Verre
621 1551 1032 1621 coniunctum
1089 1566 1234 1613 esse
1287 1544 1781 1624 demonstraret,
1845 1550 1912 1611 in
1973 1547 2292 1613 frumento
2359 1548 2669 1632 imperato
2732 1546 2860 1613 hoc
2916 1550 2976 1613 ei
3032 1550 3273 1615 crimini
3332 1548 3531 1627 dedit,

355 1653 535 1743 quod
579 1676 662 1721 ne
706 1676 832 1741 qua
879 1652 1182 1717 deductio
1228 1650 1530 1737 publicae
1572 1654 1884 1737 pecuniae
1928 1651 2117 1718 fieret
2160 1673 2293 1717 non
2338 1653 2796 1740 prohibuisset,
2850 1654 2919 1715 in
2962 1652 3279 1721 frumento
3324 1665 3532 1719 autem

351 1765 682 1829 aestimato
729 1763 862 1824 sive
906 1762 972 1837 in
1019 1758 1256 1835 cellam,
1307 1757 1483 1843 quod
1529 1758 1695 1822 idem
1739 1768 1932 1843 atque
1977 1762 2217 1824 Verres
2265 1762 2401 1845 ipse
2448 1760 2701 1823 fecisset
2722 1757 2815 1841 ⁸⁹).
2887 1757 3067 1824 Idem
3113 1770 3322 1823 autem
3369 1758 3533 1825 Cae-

353 1869 538 1934 cilius
581 1867 792 1933 facere
837 1885 969 1929 non
1018 1866 1248 1951 potuit,
1294 1864 1417 1927 nisi
1463 1862 1706 1929 Verres
1752 1874 1937 1929 antea
1982 1868 2370 1970 perrqiserat,
2416 1876 2486 1930 ut
2528 1868 2669 1951 ipse
2716 1864 2839 1931 sibi
2884 1864 3267 1931 frumentum
3313 1888 3347 1930 a
3380 1868 3530 1931 civi-

351 1974 588 2043 tatibus
637 1976 926 2059 exigeret.

533 2082 638 2147 De
681 2080 888 2145 altero
933 2077 1290 2161 praetoriae
1334 2075 1688 2161 largitionis
1733 2098 1965 2163 genere
2011 2081 2132 2143 iam
2178 2078 2367 2145 nobis
2416 2078 2831 2165 disputaturis
2894 2076 3229 2145 exordium
3285 2080 3533 2163 capien-

349 2188 508 2254 dum
555 2196 650 2251 est
696 2206 770 2249 ex
815 2193 1165 2270 potestate,
1225 2204 1388 2268 quae
1435 2186 1681 2247 senatui
1726 2194 1890 2264 erat,
1943 2196 2239 2249 accurate
2296 2182 2675 2263 definiendi,
2732 2195 2797 2249 et
2854 2194 3015 2270 quot
3076 2194 3140 2249 et
3193 2186 3375 2248 ouius
3433 2204 3538 2269 ge·

345 2297 524 2360 neris
571 2294 830 2357 comites
887 2298 1148 2376 praetor
1203 2308 1414 2353 secum
1476 2288 1780 2355 educeret
1804 2290 1895 2374 7”).
1990 2292 2195 2358 Cuius
2250 2292 2521 2356 instituti
2578 2294 2632 2355 si
2688 2311 2939 2357 causam
2999 2294 3385 2376 quaerimus,
3441 2310 3537 2354 se-

344 2411 541 2467 natus
586 2396 839 2489 videtur
883 2398 1293 2483 prospexisse
1337 2416 1418 2461 ne
1459 2408 1796 2481 praetores
1839 2408 2168 2486 ‚quotquot
2214 2398 2450 2465 vellent
2495 2400 2730 2464 amicos
2775 2401 2842 2463 in
2887 2398 3216 2484 provincia
3271 2393 3536 2483 publico

347 2510 760 2576 sociorumve
800 2512 1059 2587 sumptu
1104 2501 1347 2567 alerent
1389 2500 1960 2587 locupletarentve.
2039 2505 2261 2591 Quare
2310 2528 2451 2581 cum
2499 2516 2679 2571 certo
2726 2515 2967 2571 tantum
3000 2524 3265 2569 numero
3298 2501 3536 2567 cibaria

347 2613 440 2681 de
482 2611 750 2699 publico
798 2608 1326 2686 attribuerentur,
1385 2605 1718 2675 deferendi
1773 2621 1956 2675 crant
2009 2610 2089 2675 ad
2147 2615 2459 2677 aerarium
2510 2616 2795 2699 praetori
2850 2614 3111 2677 comites
3158 2619 3221 2675 et
3269 2618 3427 2694 quot
3470 2617 3537 2673 et

345 2718 578 2807 quales
623 2726 854 2783 essent.
923 2717 1010 2780 At
1051 2712 1254 2780 multo
1284 2716 1584 2780 maiorem
1627 2736 1975 2797 numerum,
2023 2739 2209 2803 quam
2256 2729 2512 2784 senatus
2561 2726 2977 2796 concesserat,
3022 2727 3357 2803 praetores
3403 2714 3537 2780 fere

345 2845 568 2900 secum
616 2821 976 2889 educebant
1021 2842 1156 2886 non
1203 2819 1409 2884 solum
1455 2824 1999 2908 propinquorum,
2047 2827 2419 2905 amicorum,
2475 2825 2813 2892 doctorum
2862 2828 3145 2888 virorum
3192 2833 3535 2888 consuetu-

346 2933 525 3004 dinis
585 2953 724 2996 cum
781 2933 859 2994 iis
920 2926 1254 2994 habendae
1311 2949 1531 3007 causa,
1589 2924 1704 2992 sed
1761 2932 1943 2994 etiam
2000 2952 2220 2998 eorum
2277 2929 2509 3017 quibus
2564 2934 2844 2998 honores
2904 2928 3281 2996 mandarent
3327 2938 3389 2992 et
3434 2927 3537 2992 sui

343 3040 636 3106 muneris
691 3035 964 3122 aliquam
1019 3045 1260 3122 partem
1321 3033 1773 3100 concederent.
1873 3038 2104 3124 Neque
2158 3035 2227 3101 id
2284 3038 2537 3124 quidem
2595 3043 2836 3105 mirum.
2927 3037 3321 3125 Quicunque
3368 3035 3535 3102 enim

345 3143 584 3212 studiis
641 3152 708 3208 et
761 3162 962 3228 opera
1013 3143 1082 3207 in
1137 3142 1447 3226 petitione
1499 3152 1860 3225 praetorem
1919 3142 2318 3222 adiuvet-ant,
2375 3148 2741 3231 quicunque
2788 3141 3027 3228 aliquid
3072 3142 3420 3209 voluntatis
3466 3139 3536 3204 in

349 3273 501 3318 eum
549 3247 981 3328 ostenderant,
1029 3249 1395 3332 quicunque
1441 3267 1718 3334 unquam
1763 3250 1828 3311 in
1878 3251 2221 3315 amicorum
2252 3273 2521 3317 numero
2552 3249 2749 3318 habiti
2797 3259 2994 3327 erant,
3037 3258 3103 3314 et
3142 3248 3329 3312 latius
3360 3254 3535 3331 patet

349 3361 698 3424 amicorum
755 3373 988 3418 nomen
1047 3355 1114 3418 in
1171 3356 1480 3438 petitione
1537 3375 1724 3441 quam
1781 3357 1846 3419 in
1903 3367 2112 3421 cetera
2170 3359 2326 3434 vita3
2389 3378 2609 3424 omnes
2668 3368 3085 3444 posteaquam
3139 3352 3534 3441 provinciam

346 3463 742 3550 locupletem
784 3471 1058 3546 patrono
1107 3459 1448 3526 obvenisse
1494 3458 1897 3541 audiverunt,
1955 3473 2323 3543 accurrunt,
2382 3473 2758 3532 enumerant
2814 3486 2976 3550 quae
3032 3485 3108 3527 ex
3152 3457 3535 3526 liberalitate

349 3570 526 3638 illius
571 3567 694 3634 sibi
739 3567 1052 3653 promissa
1087 3577 1149 3632 et
1181 3577 1495 3632 ostentata
1527 3569 1670 3645 sint,
1715 3579 2017 3654 repetunt
2049 3568 2248 3636 officii
2279 3574 2627 3657 praemium
2658 3580 2721 3635 et
2750 3570 3025 3636 fructum
3046 3570 3141 3653 n).
3209 3563 3371 3631 Inde
3396 3585 3531 3630 non

351 3681 422 3744 iu
477 3675 718 3742 laboris
777 3683 840 3738 et
892 3675 1172 3738 muneris
1229 3671 1346 3738 sed
1401 3674 1468 3736 in
1524 3671 1824 3740 beneficii
1879 3674 2028 3742 loco
2087 3675 2547 3744 deferebantur
2602 3679 2885 3744 honores
2940 3686 3003 3740 et
3047 3695 3268 3760 parum
3314 3669 3534 3737 aberat

363 3885 452 3976 8ἶ)
501 3902 618 3961 Cic.
655 3901 724 3958 ad
765 3899 888 3956 fam.
923 3897 1018 3968 VI,
1047 3905 1130 3957 12.
1204 3899 1342 3960 Plin.
1377 3922 1460 3984 ep.
1495 3903 1566 3969 X,
1593 3905 1712 3958 121.
1785 3901 1984 3962 Fronto
2017 3903 2055 3962 l.
2083 3904 2118 3960 l.

362 3993 452 4064 υ)
500 3990 616 4050 Cic.
653 3989 758 4046 div.
795 3991 850 4045 in
888 3987 1043 4047 Caec.
1084 3992 1168 4046 11.

363 4087 456 4154 ⁷⁰)
503 4079 732 4138 Senatus
771 4078 1013 4134 consulta
1051 4078 1298 4156 equidem
1334 4079 1522 4136 afferre
1560 4100 1669 4137 non
1704 4099 1943 4159 possum,
1987 4102 2120 4160 quae
2156 4081 2281 4140 talia
2317 4085 2716 4154 constituerint3
2753 4081 2931 4158 colligi
2967 4090 3141 4138 autem
3179 4078 3235 4137 id
3273 4076 3415 4154 quod
3440 4077 3529 4134 de-

498 4166 1022 4226 monstrandum'est
1056 4185 1121 4222 ex
1159 4168 1226 4224 iis
1261 4165 1472 4242 legibus
1508 4179 1716 4247 potest,
1761 4171 1956 4248 quibus
1993 4171 2078 4228 vel
2115 4174 2419 4252 provinciae
2454 4182 2601 4232 extra
2639 4169 2879 4228 ordinem
2913 4170 2998 4227 vel
3035 4169 3132 4227 alia
3170 4169 3379 4246 publica
3417 4187 3531 4224 mu·

497 4277 622 4314 nera
660 4253 970 4312 demandata
1005 4266 1149 4318 sunt.
1213 4244 1404 4313 Veluti
1441 4257 1556 4334 lege
1595 4257 1818 4315 Gabinia
1855 4276 2105 4316 numerus
2143 4259 2455 4336 legatorum,
2492 4265 2583 4339 qui
2619 4259 2762 4317 bello
2787 4260 3010 4338 piratico
3035 4257 3346 4332 Pompeium
3383 4252 3531 4311 adiu·

499 4354 704 4414 vau-ent,
759 4351 814 4398 et
859 4341 976 4414 lege
1013 4341 1203 4401 Clodia
1247 4366 1502 4403 numerus
1537 4347 1838 4404 adiuturum
1877 4347 2128 4406 definitus
2165 4359 2274 4418 est,
2320 4354 2414 4429 qui
2451 4351 2709 4409 Catonem
2755 4351 2813 4406 in
2848 4348 3089 4428 Cyprum
3137 4346 3530 4413 comitarentur,

505 4431 574 4488 de
603 4455 706 4512 qua
743 4451 802 4488 re
837 4451 887 4488 v.
923 4428 1063 4489 Plut.
1102 4431 1218 4492 cat.
1256 4437 1386 4492 min.
1411 4439 1500 4494 34.
1569 4435 1778 4496 Eodem
1827 4436 1988 4496 modo
2033 4433 2231 4496 Rullus
2274 4437 2391 4518 lege
2436 4460 2531 4500 sua
2576 4441 2775 4515 agraria
2820 4447 3067 4499 accurate
3100 4436 3529 4513 praescripflertk

505 4529 640 4596 quot
665 4531 724 4578 et
759 4523 912 4580 cuius
948 4523 1156 4595 generis
1193 4525 1452 4582 ministris
1489 4523 1778 4582 decemviri
1815 4535 2090 4584 uterentur
2127 4527 2219 4598 (cf.
2256 4527 2371 4586 Cic.
2409 4548 2487 4586 or.
2520 4528 2591 4584 de
2624 4531 2725 4603 leg.
2758 4549 2864 4605 agr.
2900 4525 2971 4591 11,
2997 4528 3110 4597 13),
3140 4535 3205 4581 et
3224 4543 3291 4580 ex
3314 4531 3529 4579 senatus

503 4607 750 4664 consultu
791 4607 1129 4667 curatoribus
1176 4627 1429 4687 aquarum
1475 4614 1812 4692 publicarum
1860 4618 1938 4672 uti
1984 4615 2177 4673 licebat
2224 4617 2504 4675 lictoribus
2549 4619 2689 4676 binis
2739 4628 2793 4673 ct
2838 4617 3006 4672 servis
3056 4613 3288 4694 publicis
3340 4613 3525 4678 ternis,

506 4696 810 4754 architectis
844 4697 1067 4774 singulis
1105 4710 1160 4756 et:
1194 4701 1387 4758 scribis
1426 4711 1480 4758 et
1517 4703 1774 4772 librariis,
1821 4705 2057 4761 accensis
2091 4708 2545 4786 praeconibusque
2581 4705 2830 4771 totidem,
2876 4715 3008 4784 quot
3043 4702 3304 4760 habebant
3339 4699 3525 4758 duum·

502 4787 608 4844 viri
643 4803 742 4864 per
780 4804 916 4863 ques
953 4785 1271 4846 frumentum
1307 4789 1487 4870 plebei
1523 4790 1764 4852 dabatur.
1836 4793 1904 4851 cs.
1942 4792 2181 4850 Frontin.
2219 4791 2286 4851 de
2321 4795 2537 4875 aquaed.
2574 4806 2668 4853 art.
2697 4797 2800 4851 100
2834 4791 2918 4851 ed.
2956 4791 3139 4849 Pelen.

372 4879 460 4946 Π)
511 4877 680 4932 Illud
713 4879 938 4944 cogitet,
973 4883 1426 4937 nonnullorum
1463 4885 1797 4939 amicorum
1836 4884 2050 4940 studia
2087 4887 2295 4941 mimn’
2329 4891 2521 4944 colere
2557 4888 2630 4941 in
2669 4901 2794 4950 eos,
2833 4903 2872 4940 a
2909 4885 3132 4956 quibus
3164 4883 3527 4954 provinciae

503 4964 818 5022 contonam·
849 4967 1228 5036 intelligant.
1299 4967 1414 5029 Cic.
1448 4989 1550 5048 pro
1585 4967 1718 5028 Mur.
1752 4975 1840 5029 2⁰.
