4300 5475
2310 356 2431 444 20

793 594 918 650 aut
954 582 1453 673 proquaestori
1488 581 1556 647 in
1599 589 1946 674 sumptum
1994 581 2305 663 (dedissez
2338 587 2429 648 eis
2461 585 2655 665 enim)
2705 580 3036 647 alimenta
3066 580 3152 646 de
3173 579 3452 669 publico
3486 581 3675 648 dant.
3744 586 3949 650 Maio—

789 714 920 755 rem
968 687 1398 755 diificultatem
1445 688 1634 754 habet
1680 690 1872 754 altera
1921 693 2225 774 quaestio,
2272 712 2434 775 quae
2480 698 2575 753 est
2620 686 2703 753 de
2749 686 2999 753 cibariis
3044 700 3435 773 praetorum;
3486 712 3697 775 neque
3740 700 3947 757 tanen

789 817 872 861 ne
917 794 1000 860 de
1044 797 1138 860 his
1187 796 1440 881 quidem
1483 794 1820 861 admodum
1867 795 2140 860 dubitari
2186 800 2405 880 possit.

965 904 1318 987 Antequam
1375 904 1560 965 unius
1617 904 1884 986 imperio
1941 901 2229 966 subiecta
2276 914 2371 965 est
2416 901 2776 989 respublica
2820 902 3279 981 Romanorum,
3334 905 3501 969 inter
3556 906 3948 990 magistratus

791 1030 1138 1093 eorumque
1181 1011 1502 1073 ministros
1549 1030 1688 1071 cum
1731 1008 1926 1071 multa
1970 1012 2340 1080 intererant,
2402 1018 2533 1071 tum
2586 1008 2734 1085 hoc,
2791 1005 2968 1092 quod
3014 1006 3105 1071 illi
3152 1028 3397 1087 omnes,
3442 1012 3687 1073 maximi
3730 1009 3947 1087 infimi,

788 1116 1075 1202 gratuito,
1122 1113 1187 1177 hi
1231 1112 1522 1177 mercede
1568 1113 1870 1177 conducti
1917 1132 2173 1197 operam
2221 1111 2538 1178 navabant
2581 1111 2992 1198 reipublicae.
3064 1112 3423 1179 Gratuitam
3450 1125 3657 1179 autem
3690 1136 3948 1201 operam

786 1220 1180 1307 reipublicae
1202 1241 1452 1297 navare,
1477 1218 1646 1284 aliud
1673 1229 1803 1282 erat
1827 1221 2146 1298 Romanis,
2173 1219 2344 1283 aliud
2370 1231 2462 1285 est
2486 1220 2694 1285 nobis.
2728 1220 3011 1304 Operam
3034 1223 3246 1305 pretio
3262 1217 3547 1283 vendere
3570 1230 3635 1284 et
3656 1224 3951 1305 quaestui

701 1336 707 1341 ’
787 1325 1026 1391 habere
1069 1324 1536 1411 rempublicam,
1582 1326 1706 1389 hoc
1751 1325 2004 1411 quidem
2053 1336 2241 1411 turpe
2284 1326 2374 1390 illi
2420 1325 2731 1412 putabant
2776 1336 2839 1390 et
2884 1326 3139 1390 homine
3168 1329 3445 1411 ingenuo
3476 1325 3951 1412 liberaliterque

787 1430 1062 1497 educato
1108 1430 1456 1517 indignum
1517 1452 1635 1495 suo
1683 1441 1886 1495 autem
1931 1443 2187 1517 sumptu
2232 1432 2625 1519 reipublicae
2672 1452 2932 1519 operam
2976 1431 3291 1517 praebere
3340 1442 3402 1495 et
3447 1431 3689 1517 publici
3733 1452 3953 1497 mune-

787 1540 874 1601 ris
918 1558 1110 1603 causa
1153 1560 1286 1603 rem
1337 1536 1696 1601 familiarem
1745 1534 2094 1603 diminuere
2143 1551 2253 1603 aut
2297 1538 2593 1625 perdere,
2650 1536 2891 1602 tantum
2950 1536 3169 1601 aberat
3220 1548 3291 1601 ut
3350 1540 3659 1624 quispiam
3700 1538 3950 1626 legib-

789 1654 1148 1730 cogeretur,
1203 1654 1272 1709 ut
1327 1646 1464 1729 ipsa
1521 1643 1880 1729 respublica
1935 1644 2102 1727 large
2160 1654 2223 1709 et
2278 1648 2547 1731 copiose
2600 1643 3041 1729 suppeditaret
3100 1664 3519 1730 quaecunque
3576 1644 3657 1709 ad
3716 1650 3951 1711 victum

789 1750 1158 1835 cultumque
1203 1748 1622 1835 pertinebant.
1715 1751 1896 1815 Haec
1949 1753 2112 1815 enim
2170 1756 2335 1816 ratio
2394 1773 2471 1815 ac
2524 1749 2887 1835 magnitudo
2948 1753 3295 1835 animorum
3340 1752 3407 1813 in
3438 1751 3757 1837 ‘Romanis
3800 1764 3952 1833 erat,

789 1868 888 1934 ut,
942 1879 1084 1922 cum
1133 1859 1198 1921 in
1253 1857 1512 1941 privatis
1567 1855 1762 1920 rebus
1815 1859 2069 1941 minimo
2133 1860 2417 1923 contenti
2470 1860 2841 1922 tenuissimo
2888 1866 3143 1942 sumptu
3186 1859 3507 1934 viverent,
3562 1860 3629 1921 in
3684 1862 3949 1945 imperio

789 1974 980 2050 atque
1056 1967 1120 2027 in
1201 1962 1458 2048 publica
1535 1961 1834 2048 dignitate
1903 1966 2110 2029 omnia
2180 1963 2260 2028 ad
2330 1963 2589 2049 gloriam
2656 1960 3191 2048 splendoremque
3262 1973 3655 2027 revocarent.
3774 1966 3955 2029 Haec

793 2080 926 2135 erat
971 2091 1191 2135 eorum
1232 2072 1514 2153 aequitas
1553 2080 1614 2132 et
1659 2071 1914 2146 iustitia,
1961 2080 2030 2133 ut
2076 2068 2376 2133 tuendam
2424 2068 2783 2155 dignitatem
2828 2070 3297 2155 magistratuum
3344 2079 3409 2133 et
3446 2069 3949 2137 conservandam

788 2180 1166 2241 maiestatem
1214 2174 1439 2260 populi
1471 2176 1742 2241 Romani
1785 2178 2063 2262 sumptui
2111 2187 2219 2240 aut
2259 2178 2441 2240 oneri
2487 2196 2629 2239 esse
2668 2173 2916 2239 nollent
2966 2196 3177 2259 neque
3228 2174 3475 2239 civibus
3528 2178 3635 2260 qui
3678 2180 3953 2241 muneri-

789 2281 912 2347 bus
968 2281 1242 2368 publicis
1289 2280 1663 2359 subeundis,
1706 2303 1918 2366 neque
1963 2285 2153 2345 sociis
2202 2285 2312 2366 qui
2357 2279 2767 2367 vectigalibus
2812 2280 3199 2365 tributisque
3241 2280 3651 2347 conferendis
3696 2281 3953 2349 abunde

785 2387 1184 2475 reipublicae
1229 2388 1676 2452 satisfacerent.
1766 2389 1940 2452 Vere
1985 2390 2189 2473 igitur,
2233 2410 2369 2454 non
2412 2387 2721 2475 gloriandi
2770 2409 2957 2453 causa
3003 2386 3333 2452 Fabricius
3377 2387 3551 2465 haec,
3598 2409 3761 2472 quae
3804 2388 3955 2473 legi-

787 2518 928 2560 mus
976 2495 1146 2581 apud
1186 2496 1572 2579 Dionysium
1605 2493 1779 2579 frgm.
1811 2493 2050 2569 XVIII,
2086 2499 2186 2570 14,
2230 2494 2485 2559 videtur
2530 2494 2785 2559 dixisse:
2842 2490 2991 2561 Ov'ae
3016 2494 3296 2581 ἐνοχλεῖ
3318 2499 3463 2569 τοῖς
3488 2487 3743 2570 έκᾶςου
3766 2497 3955 2583 βίοις

787 2598 832 2698 ἦ
877 2597 1070 2678 πόλις
1111 2598 1564 2697 ἧῬωμαίων,
1607 2595 1831 2693 ὥσπερ
1875 2593 2049 2675 τινὲς
2091 2602 2332 2693 ἕτεραι,
2376 2595 2451 2666 ἐν
2493 2598 2603 2676 αἷς
2646 2597 2685 2668 ὁ
2730 2596 2967 2677 κοινὸς
3006 2597 3136 2687 μὲν
3176 2599 3463 2675 πλοῦτος
3504 2594 3739 2685 ὀλίγος
3780 2601 3952 2683 ἐςὶν,

791 2708 834 2780 ὁ
863 2706 940 2778 δὲ
965 2708 1105 2778 τῶν
1134 2701 1424 2777 ἰδιωτῶν
1453 2702 1662 2783 πολύς
1675 2729 1691 2747 ·
1735 2700 1889 2773 ἀλλ’
1921 2701 2097 2795 αυτῆ
2139 2707 2421 2800 παρέχει
2462 2711 2604 2783 τοῖς
2648 2702 2819 2800 πρός
2862 2702 2949 2776 τοὶ
2988 2704 3190 2776 κοινοὶ
3229 2702 3615 2800 προςιοῦσιν
3654 2702 3953 2787 ἅπαντα,

789 2817 972 2886 ὅσων
1027 2815 1328 2893 δέονται,
1384 2809 1703 2907 λαμπροῖς
1753 2813 1872 2880 καὶ
1923 2818 2449 2906 μεγαλοπρεπεῖς
2490 2811 2894 2882 &nondam
2936 2817 3270 2906 χορηγίας
3284 2837 3301 2853 ·
3363 2809 3496 2886 (ὅς-ε
3537 2810 3757 2904 μηδὲν
3798 2811 3953 2882 α’τι-

790 2921 1088 3016 μότερον
1139 2919 1318 2994 εἶναι
1371 2920 1492 2993 τόν
1545 2921 1949 2992 πενέστατον
2007 2917 2131 2986 τοῦ
2184 2915 2684 2988 πλουσιωτάτου
2728 2914 2909 2988 nato?
2950 2914 3077 3012 τήν
3118 2917 3479 3001 ἕπαξίωσιν
3518 2920 3657 2988 τῶν
3698 2917 3953 3000 καλῶν,

783 3025 972 3097 -ᾰλλοῖ
1028 3027 1284 3107 πάντας
1336 3027 1514 3099 εἶναι
1555 3029 1978 3112 Ῥωμαίους,
2039 3021 2190 3094 ὅσοι
2248 3022 2343 3114 ἂν
2396 3021 2519 3094 ὦσι
2563 3021 2680 3094 du?
2720 3024 3247 3114 καλοκάγαθίαν
3288 3023 3547 3093 τούτων
3586 3021 3775 3107 ἄξιοι
3816 3023 3956 3095 τῶν

785 3133 1025 3222 τιμῶν,
1072 3135 1394 3232 ἀλλήλοις
1437 3141 1640 3212 ἴσους.
1733 3132 2153 3199 Ornabantur
2205 3134 2396 3218 igitur
2439 3143 2767 3218 praetores
2809 3131 3017 3208 mulis,
3062 3129 3513 3208 tabernaculis,
3556 3133 3954 3217 supellectili,

784 3247 956 3308 vasis
1002 3247 1338 3328 argenteis,
1395 3253 1605 3321 veste,
1658 3239 1908 3304 annulis
1965 3242 2173 3303 aureis
2194 3239 2293 3320 ’ῆς
2346 3243 2723 3325 permissum
2778 3249 2911 3304 erat
2966 3246 3293 3323 praeterea
3346 3249 3419 3302 ut
3460 3236 3841 3302 frumentum
3884 3242 3955 3306 in

789 3349 1009 3415 cellam
1055 3347 1178 3413 sibi
1223 3358 1542 3414 sumerent
1589 3357 1652 3412 et
1697 3343 2164 3410 attribuebatur
2206 3347 2519 3430 pecuniae
2574 3356 2749 3410 certa
2801 3366 3038 3410 summa
3096 3365 3221 3430 qua
3272 3354 3555 3408 emerent
3606 3342 3767 3407 illud
3824 3344 3956 3409 fru-

789 3466 1084 3520 mentum.
1175 3455 1354 3544 Quid
1400 3458 1625 3542 igitur?
1717 3452 1879 3518 Cum
1926 3451 2059 3517 fere
2105 3454 2333 3530 omnia,
2380 3473 2542 3537 quae
2587 3448 2669 3516 ad
2712 3453 2949 3515 victum
2996 3449 3361 3533 cultumque
3402 3451 3739 3535 pertinent,
3785 3451 3953 3538 large

789 3565 1067 3646 praetori
1112 3562 1687 3648 suppeditarentur,
1731 3579 1880 3624 num
1927 3556 2233 3623 credibile
2262 3557 2531 3638 videtur,
2573 3579 2715 3623 eum
2743 3559 2964 3641 paucis
2996 3577 3158 3641 quae
3186 3555 3431 3641 reliqua
3462 3566 3610 3620 sunt
3638 3561 3954 3623 caruisse?

793 3665 958 3732 Cum
1009 3690 1142 3735 non
1197 3669 1393 3733 modo
1447 3671 1492 3730 ii
1549 3670 1659 3751 qui
1717 3687 1860 3730 cum
1915 3675 2233 3750 potestate
2288 3675 2398 3728 aut
2451 3663 2771 3750 legatione
2826 3666 2893 3726 in
2936 3665 3281 3748 provinciis
3337 3661 3780 3743 versabantur,
3835 3663 3951 3728 sed

795 3792 1014 3838 omnes
1061 3777 1320 3840 omnino
1369 3777 1478 3861 qui
1523 3772 1908 3858 reipublicae
1954 3793 2142 3836 causa
2190 3773 2389 3836 Roma
2437 3769 2703 3835 aberant
2746 3767 3041 3832 alimenta
3072 3767 3155 3832 de
3186 3767 3451 3854 publico
3482 3771 3951 3854 acciperent⁸⁰),

789 3898 940 3942 num
987 3892 1484 3947 consentaneum
1531 3888 1643 3957 est,
1688 3881 1764 3943 iis
1811 3881 1920 3964 qui
1965 3876 2269 3964 dignitate
2314 3887 2377 3942 et
2424 3884 2745 3962 potestate
2788 3893 3013 3940 omnes
3048 3873 3514 3940 antecedebant
3542 3873 3922 3942 consideran

793 3982 940 4048 dum
989 3984 1180 4050 fuisse
1225 3999 1294 4053 ut
1340 3995 1506 4052 esset
1550 3983 1722 4049 unde
1767 3984 1888 4049 sibi
1933 3983 2493 4071 suppeditarentur
2538 3990 2823 4067 sumptus
2868 3981 3245 4044 necessarii?

967 4091 1053 4156 At
1095 4093 1250 4156 nihil
1297 4115 1464 4181 opus
1507 4102 1606 4157 est
1651 4093 2048 4156 coniecturas
2095 4110 2341 4176 capere.
2412 4090 2696 4154 Historia
2741 4085 3063 4174 loquitur..
3113 4087 3203 4150 M.
3234 4085 3483 4152 Tullius
3516 4085 3765 4166 Cicero,
3808 4109 3951 4152 cum

791 4207 1014 4261 contra
1061 4201 1196 4263 eius
1244 4199 1631 4263 voluntatem
1675 4207 1738 4261 et
1781 4209 2037 4282 praeter
2081 4199 2451 4282 opinionem
2496 4191 2831 4260 accidisset
2876 4203 2947 4258 ut
2992 4195 3053 4256 ei
3096 4213 3237 4256 cnm
3282 4193 3551 4276 imperio
3596 4196 3661 4258 in
3688 4197 3951 4279 provin-

793 4305 952 4367 ciam
995 4303 1318 4388 proficisci
1363 4324 1626 4369 necesse
1673 4313 1859 4379 esset,
1905 4323 2275 4387 persuasum
2320 4300 2441 4366 sibi
2484 4299 2725 4380 habuit,
2768 4321 2839 4363 se
2884 4311 3155 4384 propter
3198 4317 3412 4364 earum
3442 4319 3672 4377 rerum,
3720 4301 3783 4362 in
3816 4303 3953 4385 qui-

793 4407 916 4473 bus
959 4419 1246 4475 versatus
1291 4417 1484 4485 esset,
1541 4409 1800 4494 gloriam
1849 4419 1914 4472 et
1958 4405 2280 4485 invidiam,
2322 4409 2446 4471 nisi
2491 4428 2789 4472 summam
2832 4403 3083 4471 laudem
3130 4425 3206 4470 ex
3250 4405 3357 4468 illa
3402 4406 3735 4488 provincia
3780 4427 3949 4472 asse·

798 4604 884 4672 ⁶⁹)
931 4597 1048 4656 Liv.
1084 4597 1250 4666 XLII,
1275 4606 1333 4670 1,
1369 4598 1544 4668 XXX,
1571 4603 1665 4668 17,
1701 4600 1738 4658 l.
1762 4606 1792 4657 7
1843 4600 1913 4658 D.
1953 4599 2020 4656 de
2056 4618 2176 4678 sup.
2212 4600 2339 4675 leg„
2376 4597 2493 4658 val.
2528 4595 2661 4654 Max.
2696 4595 2839 4666 11,2‚
2865 4602 2925 4664 7,
2965 4597 3079 4656 Cic.
3116 4601 3171 4654 in
3206 4594 3359 4653 Verr.
3395 4594 3488 4660 lv,
3513 4599 3574 4662 5,
3612 4593 3749 4654 Ptin.
3786 4597 3855 4656 N.
3878 4595 3949 4654 H.

800 4777 884 4849 ⁶⁰)
931 4687 1196 4834 {lxutXIgi
1218 4691 1456 4834 ‘zi-aceli.
1495 4781 1580 4836 13.
1651 4775 1744 4834 Sic
1780 4777 1934 4852 legati
1971 4787 2189 4856 sumptu
2224 4775 2439 4856 publico
2478 4777 2627 4833 missi
2663 4797 2781 4833 esse
2818 4775 3013 4834 diserte
3049 4775 3332 4830 traduntur
3367 4795 3394 4828 a
3421 4771 3534 4830 Cic.
3560 4777 3613 4830 in
3636 4771 3789 4834 Verr.
3817 4774 3856 4842 1,
3880 4781 3950 4834 22

931 4876 988 4922 et
1031 4868 1430 4940 magistratuum
1473 4869 1728 4925 ministris
1765 4875 1970 4945 praeter
2003 4864 2303 4924 mercedem
2339 4865 2532 4923 cibaria
2569 4864 2849 4933 dabantur,
2886 4863 2953 4920 ef.
2991 4861 3034 4920 F
3037 4864 3229 4964 rontin.
3266 4861 3333 4918 de
3368 4863 3673 4939 aquaeduct.
3711 4873 3807 4920 art.
3851 4867 3953 4921 loo

931 4953 1015 5010 ed.
1053 4953 1168 5012 Pol.
