4300 5475
1889 342 2003 431 17

343 570 568 635 facere
613 573 926 656 potuisse,
983 572 1037 633 si
1095 568 1474 633 frumentum
1533 569 1920 633 aestimatum
1969 568 2048 631 ad
2095 570 2436 633 exercitum
2476 590 2608 635 non
2652 574 3059 656 pertinuisset
3082 574 3195 657 ⁶⁴)?
3286 578 3520 645 Merito

337 678 542 763 igitur
588 674 978 741 contendere
1023 673 1213 739 nobis
1257 671 1562 751 videmur,
1608 674 1991 739 frumentum
2035 679 2102 737 in
2154 672 2371 737 cellam
2421 696 2495 739 ex
2538 680 2795 741 maxima
2842 689 3023 763 parte
3054 684 3427 766 imperatum
3460 695 3524 749 et

337 783 744 867 insumptum
797 803 934 847 esse
978 785 1044 845 in
1090 802 1270 843 usum
1317 780 1644 844 exercitus.

533 888 1008 973 Quaerentibus
1053 884 1244 951 nobis
1291 884 1612 971 deinceps,
1659 886 1984 971 quomodo
2031 890 2302 973 pecunia
2349 908 2513 972 quae
2559 889 2755 953 cellae
2800 900 3055 955 nomine
3104 891 3357 961 decreta
3390 909 3525 964 erat

337 993 776 1059 administrata
833 996 1098 1077 eiusque
1153 994 1316 1059 ratio
1363 989 1446 1057 ad
1491 996 1798 1058 aerarium
1846 993 2040 1057 relata
2088 995 2186 1071 sit,
2232 996 2441 1057 omnia
2486 996 2551 1058 in
2598 1016 2676 1059 eo
2720 1007 3069 1075 vertuntur,
3118 1000 3290 1083 quod
3337 1024 3522 1088 prae-

335 1103 512 1167 toris
565 1100 828 1165 arbitrio
885 1101 1260 1185 permissum
1318 1108 1478 1175 erat,
1531 1109 1746 1164 utrum
1799 1102 1942 1185 ipse
1994 1099 2187 1165 vellet
2232 1100 2612 1165 frumentum
2658 1120 3025 1187 comparare
3071 1126 3153 1171 an
3197 1112 3523 1191 quaestori

335 1228 488 1273 rem
529 1207 992 1279 frumentariam
1039 1207 1446 1269 committere.
1539 1204 1674 1290 Qui
1717 1207 1858 1290 ipse
1903 1205 2064 1271 illud
2107 1226 2337 1271 munus
2384 1216 2765 1291 susceperat,
2812 1189 3067 1296 accepta
3111 1216 3381 1296 pecunia
3413 1224 3523 1279 aut

337 1334 470 1398 per
509 1312 780 1399 legatum
827 1321 936 1375 aut
979 1332 1100 1397 per
1143 1314 1348 1396 ipsum
1399 1323 1796 1397 quaestorem
1819 1311 1892 1389 ⁶⁸)
1939 1334 2058 1377 suo
2095 1315 2350 1377 nomine
2382 1311 2795 1376 coemendum
2828 1314 3203 1381 frumentum
3236 1319 3517 1397 curabat,

341 1440 424 1483 ea
458 1418 598 1504 lege
629 1430 717 1497 ut,
761 1417 957 1483 modo
995 1440 1080 1483 ne
1107 1420 1322 1483 socios
1355 1418 1662 1503 diriperet
1693 1429 1800 1482 aut
1830 1421 2100 1503 pretium
2133 1439 2169 1481 a
2200 1429 2424 1481 senatu
2454 1430 2752 1485 statutum
2788 1419 3206 1505 egrederetur,
3250 1424 3425 1491 unde
3456 1436 3522 1491 et

340 1529 572 1611 quanti
611 1524 803 1589 vellet
840 1525 1224 1589 frumentum
1265 1542 1478 1589 emere
1515 1524 1898 1611 et.legitimo
1941 1546 2209 1589 numero
2252 1533 2477 1610 parato
2525 1522 2701 1609 quod
2740 1536 3073 1611 superaret
3114 1533 3428 1613 pecuniae
3452 1535 3519 1597 in

338 1652 527 1697 auam
557 1654 693 1696 rem
723 1641 1102 1697 convertere
1129 1630 1365 1694 liceret.
1413 1631 1645 1716 Neque
1676 1640 1882 1695 tamen
1912 1629 2104 1716 plane
2127 1627 2609 1695 desiderabatur
2636 1650 2787 1693 cura
2815 1641 2877 1695 et
2909 1630 3198 1695 custodia
3230 1647 3521 1719 quaeest)-

335 1740 464 1813 ris;
495 1742 634 1803 eius
665 1740 832 1803 enim
863 1758 1004 1801 cum
1035 1746 1202 1801 esset
1231 1735 1535 1801 militibus
1563 1737 1944 1801 frumentum
1979 1735 2443 1818 distribuereffl)
2484 1745 2551 1801 et
2576 1746 2879 1821 quantum
2912 1740 3264 1823 accepisset
3294 1752 3356 1806 et
3388 1742 3517 1807 dis-

337 1843 678 1909 tribuisset
705 1847 771 1908 in
803 1841 1048 1907 tabulas
1077 1839 1370 1927 publicas
1398 1842 1656 1920 inferre,
1687 1844 1968 1927 praetori
1999 1849 2349 1907 necessitas
2379 1846 2657 1907 iniuncta
2692 1852 2824 1907 erat
2848 1845 2899 1906 si
2922 1862 3055 1907 non
3082 1865 3329 1911 omnem
3354 1870 3517 1933 quae

339 1947 708 2015 debebatur
737 1951 1069 2033 pecuniam
1101 1947 1462 2012 civitatibus
1493 1946 1902 2025 dissolvendi,
1940 1956 2008 2010 at
2042 1959 2217 2012 certe
2250 1970 2389 2013 eum
2422 1970 2607 2034 quem
2638 1959 2895 2013 senatus
2926 1952 3198 2015 iusserat.
3225 1953 3521 2019 frumenti

335 2076 675 2121 numerum
717 2055 1018 2121 militibus
1059 2053 1443 2140 praestandi.
1507 2053 1642 2139 Qui
1676 2074 1831 2117 vero
1875 2064 2134 2137 praetor
2174 2058 2516 2138 quaestori,
2558 2074 2693 2120 non
2736 2058 2899 2119 sicut
2942 2054 3219 2120 adiutori
3251 2079 3371 2122 suo
3405 2059 3517 2125 sed

333 2165 510 2227 sicut
554 2164 938 2247 magistratui
979 2161 1209 2248 populi
1253 2163 1551 2239 Romani,
1603 2182 1744 2225 eum
1790 2157 2048 2245 publica
2092 2162 2367 2244 pecunia
2412 2182 2545 2225 rem
2589 2162 3053 2226 frumentariam
3102 2167 3517 2243 commiserat,

336 2267 742 2355 percipiebat
771 2267 878 2333 ille
911 2267 1163 2352 quida-
1193 2268 1522 2333 utilitatem
1556 2265 1723 2332 haud
1751 2266 2275 2329 contemnendam
2299 2288 2417 2352 per
2440 2267 2600 2333 alios
2622 2267 2989 2333 tractandae
3018 2271 3343 2353 pecuniae,
3374 2290 3517 2334 nam

335 2386 482 2439 tum
527 2378 594 2441 in
641 2377 812 2441 omni
856 2374 968 2439 illo
1015 2378 1276 2460 negotio
1322 2394 1458 2438 non
1501 2372 1698 2438 modo
1746 2370 1968 2437 labore
2013 2370 2130 2435 sed
2178 2375 2361 2437 etiam
2408 2374 2699 2459 periculo
2746 2396 2865 2439 suo
2910 2373 3283 2439 versabatur
3330 2396 3520 2460 quae-

329 2492 499 2559 stor,
545 2481 799 2547 carebat
844 2502 1002 2545 vero
1049 2491 1316 2567 propter
1359 2482 1656 2557 rationes,
1705 2500 1868 2563 quae
1916 2477 2361 2563 quaestoribus
2408 2500 2724 2565 expensae
2770 2484 2833 2545 in
2876 2502 3009 2547 eam
3039 2502 3171 2546 rem
3204 2485 3515 2567 pecuniae

329 2588 722 2655 referendae
767 2599 950 2653 erant
968 2588 1063 2671 ⁸⁷),
1111 2596 1379 2673 quaestu
1423 2588 1596 2651 omni
1641 2588 1750 2670 qui
1795 2582 1946 2649 inde
1991 2583 2399 2670 praetoribus
2444 2583 2693 2650 solebat
2739 2593 2949 2651 enasci
2972 2588 3067 2671 ⁵⁸).

521 2692 834 2761 Confecta
861 2697 984 2760 iam
1031 2694 1286 2760 videtur
1326 2714 1432 2758 res
1477 2712 1636 2758 esse.
1699 2690 1830 2758 Sed
1874 2713 1956 2757 ne
2001 2693 2205 2756 statim
2252 2690 2441 2758 alium
2490 2689 2937 2778 disputationis
2983 2714 3271 2781 campum
3316 2698 3517 2782 ingre-

325 2801 611 2878 diamur,
661 2805 731 2866 in
785 2823 962 2867 mora
1016 2812 1111 2866 est
1155 2801 1338 2882 loeus
1388 2796 1644 2884 quidam
1691 2798 2058 2874 Ciceronis,
2116 2801 2225 2883 qui
2268 2802 2407 2882 ipse
2454 2798 2709 2883 quidem
2756 2800 3195 2866 subobscurus
3242 2803 3515 2868 necdum

325 2906 516 2994 quod
573 2910 764 2972 sciam
797 2917 1114 2972 ‘accurate
1171 2907 1518 2993 explicatus
1573 2915 1698 2983 est,
1759 2903 1926 2970 bene
1981 2913 2187 2973 autem
2242 2902 2601 2970 intellectus
2654 2906 2913 2972 multum
2972 2907 3121 2971 facit
3176 2905 3257 2970 ad
3316 2915 3512 2973 totam

327 3016 670 3080 rationem·
707 3013 1172 3078 frumentariam
1226 3014 1477 3098 penitus
1535 3009 2056 3098 perspiciendam.
2152 3011 2369 3075 Verba
2420 3009 2757 3076 Ciceronis
2802 3016 2869 3078 in
2917 3015 3103 3078 Verr.
3154 3010 3199 3090 Ι,
3229 3017 3317 3083 39
3360 3014 3517 3078 haec

327 3131 514 3186 sunt:
559 3117 852 3186 Illarum
896 3118 1248 3184 rationum
1292 3139 1385 3183 ea·
1432 3140 1519 3183 ea
1537 3113 1761 3208 faece
1807 3113 2162 3206 legationis
2209 3119 2779 3207 quaestoriaeque
2808 3127 2974 3184 tuae
2992 3117 3511 3206 procuratabm‘s

327 3224 466 3292 illa
508 3235 673 3294 sunt
715 3225 1010 3303 nomina,
1053 3244 1233 3312 quae
1261 3221 1683 3290 Dolabellae
1726 3221 2120 3287 necessario
2154 3231 2317 3288 sunt
2348 3222 2735 3289 aestimata.
2813 3227 2917 3288 Ex
2961 3223 3235 3290 litibus
3282 3226 3514 3290 aesti-

331 3335 567 3398 matis
609 3331 1084 3397 Dolabellae
1128 3354 1234 3415 pr.
1283 3341 1354 3395 et
1399 3351 1546 3416 pro
1585 3351 1692 3415 pr.
1793 3325 2006 3416 Quod
2045 3327 2266 3392 minus
2296 3326 2679 3396 Dolabella
2722 3327 2930 3395 Verri
2968 3339 3325 3418 acceptum
3373 3337 3511 3395 ret·

333 3434 526 3517 tulit,
584 3457 792 3525 quam
843 3433 1094 3503 Verres
1147 3434 1256 3502 illi
1302 3457 1682 3524 expensum
1725 3433 1990 3513 tulerit,
2047 3431 2173 3500 HS
2213 3433 2583 3523 quingenta
2628 3433 2909 3526 triginta
2952 3435 3241 3528 quinque
3286 3433 3475 3500 milia
3482 3464 3505 3519 3

341 3701 440 3774 ⁰⁴)
487 3697 603 3760 Cic.
641 3704 696 3758 in
733 3699 882 3758 Verr.
919 3699 1010 3770 Ill,
1046 3705 1116 3758 92
1155 3711 1208 3756 et
1242 3704 1326 3758 90.

341 3791 440 3860 ⁵⁸)
484 3787 602 3845 Hoc
635 3789 796 3846 modo
829 3809 937 3846 rem
965 3790 1354 3848 frumentariam
1381 3791 1621 3846 tractavit
1647 3800 1702 3848 et
1723 3789 1892 3866 Sylla,
1932 3789 2111 3848 Catuli
2145 3789 2350 3866 legatus
2374 3789 2519 3848 bello
2545 3787 2835 3862 Cimbrico,
2872 3789 3011 3848 Plut.
3048 3811 3095 3851 c.
3120 3794 3172 3854 4.
3214 3799 3271 3846 et
3293 3787 3507 3858 Verres,

479 3877 796 3936 Dolabellae
831 3881 1036 3956 legatus
1071 3882 1126 3935 in
1161 3875 1366 3946 Cilicia,
1401 3882 1458 3936 in
1497 3877 1646 3936 Ver-r.
1681 3879 1722 3946 1,
1745 3883 1832 3938 38.

344 3972 364 4002 “
381 3970 436 4039 ⁸)
481 3965 552 4024 m.
592 3967 770 4036 Cotta,
807 3987 1052 4048 procons.
1087 3966 1392 4042 Bithyniae,
1439 3968 1643 4026 dimisit
1677 3967 1740 4028 P.
1776 3969 2012 4047 Oppium
2063 3979 2401 4046 quaestorem
2444 3971 2539 4026 ἰπὶ
2568 3992 2631 4026 τε
2666 3969 2857 4044 δώροις
2888 3978 2981 4026 καὶ
3014 3968 3105 4024 ἐπὶ
3138 3967 3347 4042 {munla
3382 3969 3507 4022 ἐπι-

477 4059 692 4134 βουλῆς,
729 4069 788 4116 ut
823 4057 930 4114 Dio
967 4055 1218 4126 xxxvl,
1240 4061 1314 4116 23
1349 4057 1535 4128 tradit,
1572 4068 1630 4113 et
1665 4060 1788 4136 quia
1824 4059 1892 4115 de
1928 4058 2155 4116 militum
2194 4059 2407 4114 cibariis
2445 4057 2765 4128 detraxerat,
2807 4057 2865 4116 id
2900 4057 3045 4134 quod
3082 4056 3308 4132 Quintil.
3344 4054 3409 4123 V,
3436 4057 3507 4112 13

479 4155 669 4202 narrat.
741 4145 1032 4202 Detrahere
1072 4157 1246 4204 autem
1283 4166 1391 4201 non
1428 4148 1608 4223 potuit
1641 4156 1907 4224 quaestor,
1945 4149 2052 4203 nisi
2086 4150 2201 4204 eius
2240 4156 2351 4203 erat
2388 4146 2581 4206 cibaria
2620 4146 2955 4204 distribuere.

347 4235 437 4303 ⁰⁷)
483 4233 698 4304 Verres,
735 4244 982 4312 quaestor
1023 4234 1121 4293 Cn.
1159 4234 1422 4292 Carbonis
1461 4235 1726 4304 consulis,
1763 4237 1847 4293 cui
1887 4234 2073 4294 consul
2110 4239 2416 4314 pecuniam,
2454 4257 2564 4293 rem
2603 4235 3020 4301 frumentariam,
3057 4237 3287 4290 rationes
3323 4249 3507 4289 omnes

481 4341 600 4380 suas
638 4325 1034 4399 exercitumque
1071 4327 1431 4394 commiserat,
1481 4343 1604 4379 eum
1650 4327 1704 4380 in
1752 4325 1880 4382 alias
1925 4344 2012 4381 res
2059 4334 2171 4382 tum
2216 4327 2272 4382 in
2312 4324 2629 4383 frumentum
2678 4343 2938 4404 expensae
2986 4322 3237 4402 pecuniae
3275 4323 3504 4378 rationes

478 4412 659 4470 retulit
695 4410 792 4482 (cf.
829 4414 886 4466 in
928 4410 1077 4468 Verr.
1117 4413 1160 4478 1,
1188 4419 1306 4480 14),
1359 4412 1413 4469 id
1453 4412 1598 4488 quod
1635 4431 1756 4472 eum
1795 4413 1968 4472 facere
1999 4433 2108 4472 non
2143 4418 2403 4492 potuisse,
2444 4415 2498 4472 si
2530 4412 2715 4470 consul
2754 4418 2869 4490 ipse
2905 4413 3223 4469 frumentum
3260 4429 3501 4466 coemen-

485 4499 610 4556 dum
645 4501 992 4578 suscepisset,
1031 4519 1120 4556 res
1153 4504 1270 4578 ipsa
1309 4501 1483 4566 docet,
1517 4519 1694 4580 nequa
1735 4499 1996 4560 refutatur
2029 4525 2094 4560 eo
2131 4503 2279 4581 quod
2315 4503 2383 4560 de
2416 4501 2655 4559 eiusdem
2690 4501 2875 4561 Verris
2910 4507 3191 4576 quaestura
3231 4495 3503 4554 Ciliciensi

481 4607 528 4646 c.
552 4591 622 4648 39
657 4599 909 4649 narratur.
983 4589 1219 4647 Tabulae
1255 4592 1394 4646 enim
1433 4589 1635 4659 Verris,
1673 4610 1807 4667 quae
1843 4591 1918 4648 ibi
1957 4603 2451 4660 commemorantur,
2487 4610 2595 4648 non
2628 4601 2755 4649 aunt
2788 4591 3017 4646 rationes
3042 4586 3255 4664 publice
3290 4585 3501 4652 relatae,

483 4697 614 4756 quas
650 4677 881 4734 nondum
922 4678 1188 4748 retulerat,
1226 4677 1319 4734 sed
1360 4678 1564 4735 tabulae
1600 4682 1803 4756 accepti
1839 4689 1896 4736 et
1930 4685 2150 4759 expensi
2188 4702 2320 4760 quas
2357 4682 2409 4737 in
2448 4698 2604 4736 suum
2641 4697 2796 4736 usum
2832 4676 3148 4732 confecerat.

345 4769 432 4838 ⁵⁰)
484 4762 598 4821 Cic.
637 4767 692 4820 in
726 4761 874 4821 Verr.
911 4767 1000 4834 Ill,
1026 4771 1120 4825 97:
1168 4769 1354 4825 Nullo
1399 4771 1571 4824 modo
1615 4787 1850 4840 negare
1884 4781 2088 4840 potest
2131 4776 2242 4843 (sc.
2280 4765 2475 4827 Verres
2523 4765 2590 4824 de
2636 4765 2996 4823 aestimatione
3044 4785 3139 4821 sua
3177 4761 3498 4833 Siciliensi).

486 4853 701 4910 Vellem
738 4857 924 4910 etiam
959 4859 1070 4912 hoc
1101 4868 1313 4930 posset
1347 4857 1582 4924 dicere,
1621 4859 1790 4914 nihil
1823 4858 1907 4914 ad
1939 4877 2003 4915 es
2038 4860 2224 4915 istam
2262 4862 2569 4915 rationem
2602 4857 2950 4930 pertinere,
2997 4871 3111 4927 per
3145 4861 3501 4926 quaestores

478 4961 610 5001 rem
627 4945 1134 5014 frumentariam
1167 4962 1300 5004 ene
1333 4949 1856 5004 administratam.
1931 4943 2018 5006 Cf.
2053 4955 2321 5024 praeterea
2358 4967 2491 5026 quae
2526 4965 2579 5021 p.
2606 4947 2673 5000 ta
2709 4964 2738 5000 a
2772 4945 2931 5001 nobis
2962 4941 3227 5020 disputata
3263 4949 3403 4999 aunt.

3042 5051 3079 5106 3
