4300 5475
1874 365 1993 452 15

347 596 594 684 legatos
639 594 792 660 illuc
833 596 1100 659 mittere.
1194 594 1433 657 Verum
1479 595 1534 657 si
1584 595 1653 657 in
1717 614 1796 659 eo
1857 595 1965 679 qui
2009 592 2157 657 talia
2202 590 2357 656 fecit
2402 612 2477 655 ex
2526 591 2861 658 Ciceronis
2907 592 3159 679 quidem
3188 596 3523 659 sententia

341 704 589 767 crimen
631 704 936 767 constitui
979 720 1111 765 non
1158 709 1431 785 poterat,
1478 702 1532 763 si
1575 699 1756 763 multi
1802 700 2022 765 similia
2068 700 2363 763 fecerunt
2407 708 2470 761 et
2512 700 2599 762 ita
2641 700 2821 764 multi
2866 712 2935 765 ut
2965 702 3520 766 innocentissimus

343 812 622 895 quisque
665 828 797 871 non
845 806 1077 882 fecerit,
1123 810 1178 869 si
1221 808 1308 869 ita
1355 828 1537 891 agere
1581 807 1852 871 hominis
1897 809 2257 873 innocentis
2304 813 2443 868 erat
2489 816 2551 869 et
2582 827 2821 870 summa
2851 807 3187 893 prudentia
3220 806 3520 892 praediti3

341 917 416 979 in
462 936 618 1000 quas
663 916 942 977 miserias
987 922 1184 995 atque
1229 932 1559 977 aerumnas
1604 932 1938 979 censemus
1979 910 2281 977 incidisse
2328 930 2433 975 eas
2466 915 2844 996 provincias,
2890 933 3153 997 quarum
3186 923 3520 999 praetores

343 1018 662 1105 quidquid
721 1018 1049 1104 expediret
1107 1017 1174 1082 id
1233 1017 1430 1081 licere
1482 1027 1782 1101 putarent
1837 1038 2052 1101 neque
2109 1027 2411 1102 quaestus
2468 1020 2569 1081 via
2622 1020 2879 1083 inventa
2938 1030 3231 1085 curarent
3288 1021 3521 1083 exitum

341 1128 740 1191 rationemve
787 1124 1214 1188 defensionis?
1303 1124 1546 1189 Verres
1599 1134 1773 1189 certe
1819 1144 1902 1187 eo
1945 1124 2373 1210 impudentiae
2418 1144 2795 1208 progressus
2840 1137 2959 1205 est,
3014 1136 3087 1190 ut
3128 1147 3262 1190 non
3312 1124 3519 1187 solum

345 1234 736 1316 quinquiens
765 1240 948 1294 tanto
978 1230 1246 1314 amplius
1278 1250 1464 1313 quam
1495 1240 1798 1315 quantum
1829 1230 1894 1292 in
1922 1229 2148 1293 cellam
2180 1232 2237 1293 ei
2270 1250 2517 1293 sumere
2548 1228 2727 1293 licuit
2764 1230 3123 1296 civitatibus
3162 1234 3519 1314 imperaret,

345 1336 470 1401 sed
513 1340 718 1413 etiam,
761 1358 906 1399 cum
949 1356 1162 1421 neque
1217 1334 1354 1400 ullo
1395 1338 1462 1399 in
1511 1334 1660 1399 loco
1705 1335 1957 1399 Siciliae
2001 1356 2211 1421 neque
2254 1335 2389 1400 ullo
2434 1346 2723 1421 tempore
2770 1339 2905 1400 eius
2950 1349 3282 1419 praeturae
3326 1335 3520 1399 tritici

341 1442 604 1509 modius
631 1442 834 1528 pluris
865 1453 1033 1505 esset
1065 1463 1250 1527 quam
1297 1442 1412 1506 HS
1446 1441 1510 1505 11
1553 1451 1660 1508 aut
1691 1444 1874 1505 etiam
1907 1442 2020 1507 Hs
2053 1442 2163 1518 111,
2211 1444 2405 1505 ternis
2452 1440 2730 1505 denariis
2772 1446 2811 1506 i.
2844 1462 2897 1507 e.
2946 1443 3057 1507 HS
3086 1444 3203 1507 ΧΠ
3248 1443 3519 1507 frumen-

343 1560 482 1613 tum
511 1552 868 1613 aestimaret
899 1557 962 1612 et
991 1570 1114 1634 pro
1141 1548 1408 1634 singulis
1435 1545 1684 1624 modiis,
1717 1546 1996 1612 deducto
2029 1550 2241 1633 pretio
2272 1546 2450 1633 quod
2472 1558 2727 1613 senatus
2760 1552 3189 1625 constituerat,
3219 1548 3331 1612 Hs
3352 1544 3517 1611 VIII

345 1653 434 1718 ab
477 1655 836 1719 aratoribus
885 1657 1176 1740 exigeret.
1268 1656 1366 1718 Ex
1407 1674 1538 1738 quo
1582 1653 1848 1738 intelligi
1891 1654 2056 1731 licet,
2103 1652 2260 1738 quid
2305 1657 2387 1717 sit
2430 1652 2607 1739 quod
2654 1653 2851 1717 Siculi
2898 1658 3085 1739 gratis
3132 1654 3283 1718 dare
3330 1672 3517 1738 quam

343 1760 470 1823 hac
511 1763 760 1825 ratione
803 1760 1087 1825 vendere
1131 1760 1470 1825 maluerint
1513 1759 1896 1823 frumentum
1942 1763 2006 1823 in
2054 1759 2301 1834 cellam3
2346 1781 2488 1823 nam
2523 1763 2633 1846 qui
2660 1760 2829 1824 mille
2856 1760 3114 1825 modios
3142 1762 3335 1824 Verri
3366 1776 3519 1822 suae

343 1869 548 1953 partis
591 1868 658 1931 in
703 1866 926 1931 cellam
954 1870 1142 1952 gratis
1175 1865 1469 1944 dedisset,
1515 1863 1648 1929 duo
1679 1863 1846 1929 milia
1876 1883 2194 1931 nummum
2227 1876 2335 1929 aut
2365 1886 2671 1930 summum
2702 1870 2826 1931 tria
2856 1865 3156 1946 dedisset,
3202 1866 3369 1931 idem
3398 1865 3519 1927 bac

345 1974 786 2037 aestimatione
831 1991 1136 2039 concessa
1181 1992 1304 2057 pro
1351 1971 1578 2036 eodem
1627 1972 2235 2037 numerofrumenti
2282 1972 2397 2037 Hs
2434 1973 2590 2037 vul
2636 1972 2803 2037 milia
2848 1973 3005 2039 dare
3052 1984 3313 2039 coaetus
3360 1978 3475 2035 est.

524 2079 806 2145 Alterum
853 2083 988 2144 eius
1031 2082 1126 2143 rei
1173 2097 1304 2143 non
1347 2081 1556 2143 minus
1597 2080 1844 2163 insigne
1887 2078 2241 2164 exemplum
2286 2076 2555 2143 affertur
2596 2100 2633 2142 a
2663 2082 2886 2145 Tacito
2932 2084 2999 2145 in
3026 2084 3157 2144 vita
3188 2075 3519 2163 Agricolae

345 2208 403 2252 c.
455 2191 558 2256 19.
632 2183 1004 2267 Frumenti,
1049 2188 1272 2270 inquit,
1319 2192 1390 2250 et
1435 2182 1846 2250 tributorum
1891 2184 2328 2249 exactionem
2372 2182 2795 2273 aequalitate
2837 2206 3191 2251 munerum
3232 2179 3520 2260 mollire,

341 2290 770 2359 circumcisis·
812 2310 993 2381 quae
1035 2288 1106 2356 in
1149 2300 1510 2380 quaestum
1551 2298 1834 2377 reperta
1877 2288 2032 2377 ipso
2079 2289 2335 2355 tributo
2377 2289 2661 2379 grauius
2710 2290 3217 2357 tolerabantur.
3306 2285 3518 2355 Nam·

337 2420 479 2490 que
515 2418 648 2485 per·
684 2396 1047 2461 ludibrium
1093 2396 1406 2463 assidere
1449 2394 1708 2462 clausis
1753 2394 2022 2461 horretis·
2079 2405 2148 2462 et
2204 2415 2429 2461 emere
2472 2394 2659 2461 ultro
2681 2398 3053 2489 frumenta
3100 2418 3187 2462 ac
3237 2390 3521 2459 vendere

329 2502 566 2594 pretio
615 2502 1056 2591 cogebantur.
1091 2501 1490 2569 ¹·Deoortia
1537 2503 1854 2571 itinerum
1909 2512 1978 2571 et
2036 2494 2495 2592 longinquitas
2538 2500 2891 2593 regionum
2933 2501 3385 2580 indicebatur,
3450 2505 3527 2563 ut

341 2608 663 2678 civitates
697 2628 754 2673 ‘a
789 2606 1138 2697 prom‘mis
1181 2608 1478 2674 hibernis
1525 2610 1598 2676 in
1640 2615 1912 2677 remota
1957 2620 2024 2676 et
2073 2608 2235 2675 avia
2276 2607 2655 2692 deser-rent,
2715 2608 2932 2674 donec
2984 2607 3171 2700 quod
3212 2603 3519 2674 omnibus

335 2715 420 2784 in
456 2722 778 2804 promptu
823 2724 979 2780 erat
1016 2713 1271 2803 paucis
1317 2714 1664 2783 lucrosum
1697 2718 1917 2806 fieret.
1955 2761 1962 2768 ·
1996 2717 2128 2803 Qui
2174 2716 2357 2782 locus
2400 2718 2621 2780 mirum
2664 2718 2731 2780 in
2762 2714 3017 2782 modum
3048 2716 3295 2801 ingenia
3324 2717 3519 2777 inter·

338 2835 602 2912 pretum
659 2825 966 2900 exercuit,
1019 2832 1488 2906 neque·tamen
1535 2824 1818 2890 difficilis
1863 2835 1959 2893 est
2005 2824 2083 2888 ad
2133 2821 2599 2910 explicandum,
2665 2823 3011 2889 dummodo
3066 2843 3149 2887 ne
3196 2820 3277 2885 ad
3319 2819 3517 2882 decu»

335 2951 603 2996 manum
657 2937 767 2992 aut
819 2926 902 2990 ad
959 2937 1233 3012 emptum
1285 2927 1668 2996 frumentum
1716 2933 2036 2996 referatur
2051 2929 2146 3013 ³⁹).
2242 2927 2419 3014 Quid
2476 2931 2683 2993 enim?
2770 2931 3009 2995 Nonne
3058 2931 3129 2994 in
3186 2926 3519 2991 Britannia

339 3037 670 3104 continuis
715 3033 906 3098 bellis
950 3031 1198 3097 deserta
1243 3045 1304 3099 et
1349 3035 1614 3116 inculta,
1667 3058 1809 3102 cum
1869 3036 2088 3103 eadem
2145 3039 2308 3100 ratio
2360 3035 2601 3100 valeret
2652 3037 2735 3100 in·
2765 3037 3115 3120 provinciis
3157 3035 3399 3120 pacatis
3444 3051 3518 3094 ac

340 3141 877 3226 locupletissimis,
923 3157 1228 3225 perquam
1273 3141 1460 3206 facile
1503 3145 1775 3207 inveniri
1817 3147 2030 3230 potuit
2075 3141 2357 3229 angulus,
2405 3152 2512 3206 aut
2558 3153 2681 3206 tam
2726 3140 3067 3206 derelictus
3110 3150 3183 3205 ut
3222 3138 3521 3203 frumenti

345 3246 604 3318 emendi
649 3249 838 3331 copia
879 3245 1056 3309 nulla
1101 3255 1297 3323 esset,
1353 3259 1464 3312 aut
1505 3257 1632 3313 tam
1677 3249 2046 3314 reconditus
2089 3260 2161 3313 ut
2208 3258 2384 3313 certo
2432 3251 2579 3312 anni
2622 3259 2911 3334 tempore
2958 3251 3059 3312 vix
3102 3259 3211 3312 aut
3257 3247 3517 3312 omniuo

339 3377 486 3422 non
530 3362 752 3439 posset
797 3351 1174 3415 frumentum
1217 3371 1300 3416 eo
1343 3351 1708 3440 deportari?
1795 3353 1952 3442 Quo
2008 3365 2199 3442 pacto
2258 3353 2601 3440 quamlibet
2658 3359 2967 3440 pecuniae
3022 3373 3319 3418 summam
3372 3349 3518 3412 Bri·

343 3464 561 3528 tannis
609 3460 976 3543 extorqueri
1029 3461 1343 3544 potuisse,
1405 3463 1548 3544 quis
1595 3473 1691 3526 est
1737 3467 1888 3548 quin
1937 3466 2187 3530 cernat?
2276 3463 2471 3548 Atqui
2528 3481 2669 3525 erun
2728 3465 3174 3546 imperatorum
3228 3458 3521 3544 plerique

343 3587 572 3636 omnes
642 3561 1016 3629 coercendis
1079 3567 1549 3649 provinciarum
1615 3568 2018 3652 praesidibus
2086 3578 2321 3632 tantam
2392 3585 2629 3631 curam·
2676 3566 3081 3644 adhiberent,
3156 3578 3229 3630 ut
3294 3585 3517 3630 eorum

349 3683 560 3740 aetate
598 3670 792 3756 longe
835 3671 1106 3735 tutiores
1151 3691 1336 3755 quam
1381 3681 1566 3736 antea
1625 3685 1840 3739 essent
1895 3673 2323 3761 provinciales
2368 3695 2403 3738 a
2450 3676 2918 3758 magistratuum
2968 3674 3241 3751 iniuriis,
3300 3681 3519 3758 aperte

348 3780 686 3866 pecuniam
729 3794 852 3861 pro
899 3774 1216 3841 frumento
1261 3781 1698 3844 aestimatione
1739 3781 1903 3844 facta
1948 3797 2225 3860 sumere,
2272 3783 2329 3845 si
2372 3801 2635 3865 aequam
2680 3780 2961 3846 fecerant
3006 3780 3518 3856 aestimatione-m,

347 3888 558 3950 minus
602 3882 941 3957 lucrosum,
987 3883 1040 3944 si
1084 3883 1380 3967 iniquam,
1425 3886 1610 3950 nimis
1655 3886 2087 3971 periculosum
2134 3897 2270 3950 erat
2312 3884 2830 3973 proconsulibus.
2902 3883 3039 3948 Alia
3092 3887 3279 3969 igitur
3326 3905 3516 3968 quae-

351 4001 488 4056 stus
531 3991 633 4050 via
677 3987 973 4052 inibatur.
1053 3988 1206 4073 Quo
1251 3989 1650 4075 imperabant
1693 3991 2089 4071 frumentum,
2133 3996 2211 4056 iis
2256 3993 2414 4058 locis
2461 4003 2568 4056 aut
2614 4001 2795 4055 antea
2841 3994 3210 4075 imperatum
3242 3989 3514 4054 necdum

355 4101 797 4178 consumptum
854 4103 961 4156 aut
1014 4113 1218 4182 parvo
1274 4099 1482 4180 pretio
1529 4108 1887 4184 coemptum
1934 4097 2315 4172 frumentum
2362 4119 2481 4162 suo
2530 4095 2905 4174 aliorumve,
2963 4093 3029 4159 id
3089 4093 3265 4181 quod
3319 4095 3513 4158 tutius

357 4213 516 4281 erat,
569 4199 826 4263 nomine
871 4199 1120 4264 horreis
1167 4199 1448 4266 clausum
1495 4213 1557 4268 et
1604 4225 2035 4290 compressum
2081 4203 2401 4271 tenebant.
2495 4201 2651 4290 Quo
2710 4201 2879 4266 facto
2937 4204 3151 4268 miseri
3207 4203 3513 4280 Britanni,

359 4309 468 4390 qui
499 4307 886 4373 ‘frumentum
941 4325 1150 4389 neque
1207 4329 1290 4374 eo
1343 4319 1604 4394 portare
1649 4331 1863 4394 neque
1917 4309 2012 4376 ibi
2071 4332 2307 4388 emere,
2339 4319 2667 4396 poterant,
2726 4307 3120 4394 cogebantur
3174 4303 3351 4372 adire
3407 4306 3513 4370 illa

357 4409 586 4476 horrea
629 4421 720 4489 et,
777 4431 920 4474 cum
963 4411 1267 4491 Romani,
1321 4423 1706 4480 mercatores
1755 4415 2138 4502 quibuscum
2176 4435 2439 4504 praeses
2484 4422 2815 4501 quaestum
2856 4409 3265 4499 partiebatur,
3306 4409 3511 4475 verbo

367 4694 456 4761 ⁸⁰)
503 4685 642 4744 cnm
677 4688 780 4742 sub
813 4691 1252 4768 imperatoribus,
1275 4691 1540 4752 decanus
1583 4696 1837 4774 paulatim
1872 4697 2112 4766 abolitis,
2154 4699 2215 4754 in
2256 4697 2504 4753 omm‘bus
2546 4694 2659 4752 fere
2702 4691 2989 4770 provineffi
3030 4689 3229 4746 tfflmfl·
3265 4689 3367 4747 8οΗ
3404 4693 3511 4748 θῐὶ·

499 4785 748 4852 gerentur
781 4795 954 4852 neque
987 4781 1042 4835 in
1079 4781 1352 4838 Britannia
1389 4793 1516 4839 tune
1547 4791 1689 4840 unta
1725 4789 1876 4863 eopia
1913 4786 2161 4843 frumenti
2198 4793 2343 4841 esset
2376 4795 2439 4841 ut
2470 4783 2595 4842 inde
2630 4791 2867 4858 emptum
2888 4777 3111 4836 Romam
3134 4781 3279 4835 mitti
3307 4789 3513 4855 posset,

497 4863 640 4942 quod
679 4863 924 4920 frumenti
961 4866 1199 4925 Britanni
1237 4881 1444 4948 praeter
1481 4873 1740 4930 tributum
1780 4872 1994 4931 dedisse
2030 4875 2333 4942 traduntur,
2378 4873 2435 4930 id
2482 4888 2652 4948 neque
2686 4868 3034 4926 decumanum·
3070 4884 3242 4945 neque
3276 4879 3513 4946 emptum

497 4953 664 5010 fuine
695 4950 796 5009 sed
831 4950 898 5008 ad
931 4953 1179 5014 alardum
1211 4959 1502 5018 exer-citum
1529 4965 1846 5041 imperatum
1879 4981 2000 5021 esse
2031 4967 2313 5022 enisum:
2364 4959 2377 4995 ”
