<?xml version="1.0" encoding="UTF-8"?>
<!DOCTYPE html PUBLIC "-//W3C//DTD XHTML 1.0 Transitional//EN"
    "http://www.w3.org/TR/xhtml1/DTD/xhtml1-transitional.dtd">
<html xmlns="http://www.w3.org/1999/xhtml" xml:lang="en" lang="en">
 <head>
  <title>
</title>
<meta http-equiv="Content-Type" content="text/html;charset=utf-8" />
  <meta name='ocr-system' content='tesseract 3.04.00' />
  <meta name='ocr-capabilities' content='ocr_page ocr_carea ocr_par ocr_line ocrx_word'/>
</head>
<body>
  <div class='ocr_page' id='page_1' title='image "./deprovincialisu00hofmgoog_0017.png"; bbox 0 0 4300 5475; ppageno 0'>
   <div class='ocr_carea' id='block_1_1' title="bbox 1775 352 2082 487">
    <p class='ocr_par' dir='ltr' id='par_1_1' title="bbox 1775 352 2082 487">
     <span class='ocr_line' id='line_1_1' title="bbox 1775 352 2082 487; baseline -0.013 0"><span class='ocrx_word' id='word_1_1' title='bbox 1775 352 2082 487; x_wconf 56' lang='lat'><strong>„33-</strong></span> 
     </span>
    </p>
   </div>
   <div class='ocr_carea' id='block_1_2' title="bbox 331 574 3519 3211">
    <p class='ocr_par' dir='ltr' id='par_1_2' title="bbox 333 574 3515 1195">
     <span class='ocr_line' id='line_1_2' title="bbox 336 574 3515 669; baseline -0.003 -16"><span class='ocrx_word' id='word_1_2' title='bbox 336 584 570 663; x_wconf 78' lang='lat' dir='ltr'><strong>bellae,</strong></span> <span class='ocrx_word' id='word_1_3' title='bbox 611 584 894 669; x_wconf 86' lang='lat' dir='ltr'><strong>praetori</strong></span> <span class='ocrx_word' id='word_1_4' title='bbox 937 580 1430 666; x_wconf 86' lang='lat' dir='ltr'><strong>repetundarum</strong></span> <span class='ocrx_word' id='word_1_5' title='bbox 1477 577 1797 659; x_wconf 83' lang='lat' dir='ltr'><strong>damnato,</strong></span> <span class='ocrx_word' id='word_1_6' title='bbox 1843 578 2197 664; x_wconf 86' lang='lat' dir='ltr'><strong>quaestoris</strong></span> <span class='ocrx_word' id='word_1_7' title='bbox 2244 598 2505 662; x_wconf 82' lang='lat' dir='ltr'><strong>quoque</strong></span> <span class='ocrx_word' id='word_1_8' title='bbox 2552 578 2719 643; x_wconf 81' lang='lat' dir='ltr'><strong>furta</strong></span> <span class='ocrx_word' id='word_1_9' title='bbox 2754 578 3077 643; x_wconf 85' lang='lat' dir='ltr'><strong>aestimata</strong></span> <span class='ocrx_word' id='word_1_10' title='bbox 3108 598 3251 642; x_wconf 89' lang='lat' dir='ltr'><strong>esse</strong></span> <span class='ocrx_word' id='word_1_11' title='bbox 3280 574 3515 643; x_wconf 90' lang='lat' dir='ltr'><strong>Cicero</strong></span> 
     </span>
     <span class='ocr_line' id='line_1_3' title="bbox 333 682 3513 773; baseline -0.002 -16"><span class='ocrx_word' id='word_1_12' title='bbox 333 694 412 757; x_wconf 85' lang='lat' dir='ltr'><strong>in</strong></span> <span class='ocrx_word' id='word_1_13' title='bbox 458 692 642 755; x_wconf 82' lang='lat' dir='ltr'><strong>Verr.</strong></span> <span class='ocrx_word' id='word_1_14' title='bbox 688 690 736 768; x_wconf 85' lang='lat' dir='ltr'><strong>l,</strong></span> <span class='ocrx_word' id='word_1_15' title='bbox 762 693 854 759; x_wconf 82' lang='lat'><strong>39</strong></span> <span class='ocrx_word' id='word_1_16' title='bbox 897 688 1119 765; x_wconf 83' lang='lat' dir='ltr'><strong>tradit,</strong></span> <span class='ocrx_word' id='word_1_17' title='bbox 1171 708 1386 772; x_wconf 89' lang='lat' dir='ltr'><strong>neque</strong></span> <span class='ocrx_word' id='word_1_18' title='bbox 1425 706 1811 773; x_wconf 85' lang='lat' dir='ltr'><strong>magnopere</strong></span> <span class='ocrx_word' id='word_1_19' title='bbox 1866 683 2106 763; x_wconf 83' lang='lat' dir='ltr'><strong>obstat,</strong></span> <span class='ocrx_word' id='word_1_20' title='bbox 2167 682 2343 769; x_wconf 89' lang='lat' dir='ltr'><strong>quod</strong></span> <span class='ocrx_word' id='word_1_21' title='bbox 2402 682 2571 749; x_wconf 84' lang='lat' dir='ltr'><strong>idem</strong></span> <span class='ocrx_word' id='word_1_22' title='bbox 2628 684 2863 750; x_wconf 84' lang='lat' dir='ltr'><strong>Cicero</strong></span> <span class='ocrx_word' id='word_1_23' title='bbox 2918 692 2983 749; x_wconf 91' lang='lat' dir='ltr'><strong>in</strong></span> <span class='ocrx_word' id='word_1_24' title='bbox 3042 687 3336 751; x_wconf 85' lang='lat' dir='ltr'><strong>oratione</strong></span> <span class='ocrx_word' id='word_1_25' title='bbox 3390 705 3513 767; x_wconf 89' lang='lat' dir='ltr'><strong>pro</strong></span> 
     </span>
     <span class='ocr_line' id='line_1_4' title="bbox 336 787 3515 876; baseline -0.003 -12"><span class='ocrx_word' id='word_1_26' title='bbox 336 798 616 863; x_wconf 84' lang='lat' dir='ltr'><strong>Fonteio</strong></span> <span class='ocrx_word' id='word_1_27' title='bbox 663 794 880 861; x_wconf 81' lang='lat' dir='ltr'><strong>habita</strong></span> <span class='ocrx_word' id='word_1_28' title='bbox 923 802 1006 875; x_wconf 89' lang='lat' dir='ltr'><strong>(c.</strong></span> <span class='ocrx_word' id='word_1_29' title='bbox 1037 799 1110 875; x_wconf 88' lang='grc'><strong>4)</strong></span> <span class='ocrx_word' id='word_1_30' title='bbox 1157 792 1417 859; x_wconf 89' lang='lat' dir='ltr'><strong>multum</strong></span> <span class='ocrx_word' id='word_1_31' title='bbox 1464 795 1531 857; x_wconf 91' lang='lat' dir='ltr'><strong>in</strong></span> <span class='ocrx_word' id='word_1_32' title='bbox 1576 812 1654 859; x_wconf 89' lang='lat' dir='ltr'><strong>eo</strong></span> <span class='ocrx_word' id='word_1_33' title='bbox 1699 790 1967 870; x_wconf 84' lang='lat' dir='ltr'><strong>laborat,</strong></span> <span class='ocrx_word' id='word_1_34' title='bbox 2022 800 2092 854; x_wconf 93' lang='lat' dir='ltr'><strong>ut</strong></span> <span class='ocrx_word' id='word_1_35' title='bbox 2137 787 2515 874; x_wconf 81' lang='lat' dir='ltr'><strong>persuadeat</strong></span> <span class='ocrx_word' id='word_1_36' title='bbox 2560 789 2641 855; x_wconf 88' lang='lat' dir='ltr'><strong>ad</strong></span> <span class='ocrx_word' id='word_1_37' title='bbox 2686 791 2926 876; x_wconf 86' lang='lat' dir='ltr'><strong>legatos</strong></span> <span class='ocrx_word' id='word_1_38' title='bbox 2974 790 3207 875; x_wconf 88' lang='lat' dir='ltr'><strong>quibus</strong></span> <span class='ocrx_word' id='word_1_39' title='bbox 3254 798 3515 874; x_wconf 86' lang='lat' dir='ltr'><strong>praetor</strong></span> 
     </span>
     <span class='ocr_line' id='line_1_5' title="bbox 335 893 3511 985; baseline -0.002 -18"><span class='ocrx_word' id='word_1_40' title='bbox 335 924 476 967; x_wconf 88' lang='lat' dir='ltr'><strong>rem</strong></span> <span class='ocrx_word' id='word_1_41' title='bbox 533 903 916 968; x_wconf 86' lang='lat' dir='ltr'><strong>commiserit</strong></span> <span class='ocrx_word' id='word_1_42' title='bbox 960 903 1194 965; x_wconf 89' lang='lat' dir='ltr'><strong>crimen</strong></span> <span class='ocrx_word' id='word_1_43' title='bbox 1241 902 1588 985; x_wconf 87' lang='lat' dir='ltr'><strong>pertinere,</strong></span> <span class='ocrx_word' id='word_1_44' title='bbox 1641 920 1854 983; x_wconf 85' lang='lat' dir='ltr'><strong>neque</strong></span> <span class='ocrx_word' id='word_1_45' title='bbox 1901 899 2070 961; x_wconf 89' lang='lat' dir='ltr'><strong>enim</strong></span> <span class='ocrx_word' id='word_1_46' title='bbox 2114 895 2363 981; x_wconf 88' lang='lat' dir='ltr'><strong>culpam</strong></span> <span class='ocrx_word' id='word_1_47' title='bbox 2406 898 2475 959; x_wconf 91' lang='lat' dir='ltr'><strong>in</strong></span> <span class='ocrx_word' id='word_1_48' title='bbox 2520 896 2678 961; x_wconf 85' lang='lat' dir='ltr'><strong>alios</strong></span> <span class='ocrx_word' id='word_1_49' title='bbox 2724 896 3063 961; x_wconf 82' lang='lat' dir='ltr'><strong>transferre</strong></span> <span class='ocrx_word' id='word_1_50' title='bbox 3110 895 3223 961; x_wconf 92' lang='lat' dir='ltr'><strong>sed</strong></span> <span class='ocrx_word' id='word_1_51' title='bbox 3274 893 3511 964; x_wconf 76' lang='lat' dir='ltr'><strong>crimen</strong></span> 
     </span>
     <span class='ocr_line' id='line_1_6' title="bbox 337 1002 3515 1086; baseline -0.002 -15"><span class='ocrx_word' id='word_1_52' title='bbox 337 1006 588 1073; x_wconf 87' lang='lat' dir='ltr'><strong>diluere</strong></span> <span class='ocrx_word' id='word_1_53' title='bbox 633 1005 784 1083; x_wconf 82' lang='lat' dir='ltr'><strong>vult,</strong></span> <span class='ocrx_word' id='word_1_54' title='bbox 831 1005 1268 1071; x_wconf 86' lang='lat' dir='ltr'><strong>demonstrans</strong></span> <span class='ocrx_word' id='word_1_55' title='bbox 1315 1016 1510 1070; x_wconf 91' lang='lat' dir='ltr'><strong>totam</strong></span> <span class='ocrx_word' id='word_1_56' title='bbox 1555 1026 1686 1069; x_wconf 87' lang='lat' dir='ltr'><strong>rem</strong></span> <span class='ocrx_word' id='word_1_57' title='bbox 1733 1014 2058 1069; x_wconf 81' lang='lat' dir='ltr'><strong>tractatam</strong></span> <span class='ocrx_word' id='word_1_58' title='bbox 2085 1023 2231 1067; x_wconf 88' lang='lat' dir='ltr'><strong>esse</strong></span> <span class='ocrx_word' id='word_1_59' title='bbox 2256 1024 2295 1067; x_wconf 89' lang='lat' dir='ltr'><strong>a</strong></span> <span class='ocrx_word' id='word_1_60' title='bbox 2323 1004 2475 1066; x_wconf 81' lang='lat' dir='ltr'><strong>viris</strong></span> <span class='ocrx_word' id='word_1_61' title='bbox 2504 1002 2959 1067; x_wconf 78' lang='lat' dir='ltr'><strong>honestissimis</strong></span> <span class='ocrx_word' id='word_1_62' title='bbox 2990 1012 3053 1067; x_wconf 87' lang='lat' dir='ltr'><strong>et</strong></span> <span class='ocrx_word' id='word_1_63' title='bbox 3080 1003 3515 1086; x_wconf 77' lang='lat' dir='ltr'><strong>integerrimis.</strong></span> 
     </span>
     <span class='ocr_line' id='line_1_7' title="bbox 337 1106 3396 1195; baseline -0.003 -17"><span class='ocrx_word' id='word_1_64' title='bbox 337 1111 479 1179; x_wconf 88' lang='lat' dir='ltr'><strong>Sed</strong></span> <span class='ocrx_word' id='word_1_65' title='bbox 525 1112 607 1177; x_wconf 89' lang='lat' dir='ltr'><strong>de</strong></span> <span class='ocrx_word' id='word_1_66' title='bbox 649 1114 746 1175; x_wconf 90' lang='lat' dir='ltr'><strong>his</strong></span> <span class='ocrx_word' id='word_1_67' title='bbox 791 1112 1116 1177; x_wconf 82' lang='lat' dir='ltr'><strong>hactenus.</strong></span> <span class='ocrx_word' id='word_1_68' title='bbox 1204 1111 1398 1175; x_wconf 88' lang='lat' dir='ltr'><strong>Nunc</strong></span> <span class='ocrx_word' id='word_1_69' title='bbox 1443 1121 1513 1175; x_wconf 89' lang='lat' dir='ltr'><strong>ut</strong></span> <span class='ocrx_word' id='word_1_70' title='bbox 1555 1112 1937 1175; x_wconf 70' lang='lat' dir='ltr'><strong>instituimus</strong></span> <span class='ocrx_word' id='word_1_71' title='bbox 1983 1108 2316 1195; x_wconf 82' lang='lat' dir='ltr'><strong>proficisci</strong></span> <span class='ocrx_word' id='word_1_72' title='bbox 2354 1106 2583 1173; x_wconf 89' lang='lat' dir='ltr'><strong>ordine</strong></span> <span class='ocrx_word' id='word_1_73' title='bbox 2630 1106 2713 1171; x_wconf 87' lang='lat' dir='ltr'><strong>ad</strong></span> <span class='ocrx_word' id='word_1_74' title='bbox 2756 1108 3001 1194; x_wconf 87' lang='lat' dir='ltr'><strong>reliqua</strong></span> <span class='ocrx_word' id='word_1_75' title='bbox 3046 1128 3396 1193; x_wconf 82' lang='lat' dir='ltr'><strong>pergemus.</strong></span> 
     </span>
    </p>

    <p class='ocr_par' dir='ltr' id='par_1_3' title="bbox 337 1212 3516 2041">
     <span class='ocr_line' id='line_1_8' title="bbox 521 1212 3516 1302; baseline -0.002 -21"><span class='ocrx_word' id='word_1_76' title='bbox 521 1218 822 1302; x_wconf 82' lang='lat' dir='ltr'><strong>Sequitur</strong></span> <span class='ocrx_word' id='word_1_77' title='bbox 863 1218 1010 1295; x_wconf 81' lang='lat' dir='ltr'><strong>iam,</strong></span> <span class='ocrx_word' id='word_1_78' title='bbox 1059 1236 1188 1301; x_wconf 87' lang='lat' dir='ltr'><strong>quo</strong></span> <span class='ocrx_word' id='word_1_79' title='bbox 1235 1216 1420 1282; x_wconf 89' lang='lat' dir='ltr'><strong>altius</strong></span> <span class='ocrx_word' id='word_1_80' title='bbox 1465 1220 1630 1284; x_wconf 84' lang='lat' dir='ltr'><strong>ratio</strong></span> <span class='ocrx_word' id='word_1_81' title='bbox 1675 1213 2209 1283; x_wconf 76' lang='lat' dir='ltr'><strong>administrandae</strong></span> <span class='ocrx_word' id='word_1_82' title='bbox 2252 1215 2561 1299; x_wconf 75' lang='lat' dir='ltr'><strong>pecuniae</strong></span> <span class='ocrx_word' id='word_1_83' title='bbox 2604 1212 2899 1298; x_wconf 83' lang='lat' dir='ltr'><strong>publicae</strong></span> <span class='ocrx_word' id='word_1_84' title='bbox 2941 1215 3391 1300; x_wconf 79' lang='lat' dir='ltr'><strong>perspiciatur,</strong></span> <span class='ocrx_word' id='word_1_85' title='bbox 3446 1222 3516 1277; x_wconf 89' lang='lat' dir='ltr'><strong>ut</strong></span> 
     </span>
     <span class='ocr_line' id='line_1_9' title="bbox 341 1318 3515 1408; baseline -0.001 -21"><span class='ocrx_word' id='word_1_86' title='bbox 341 1343 456 1387; x_wconf 86' lang='lat' dir='ltr'><strong>eas</strong></span> <span class='ocrx_word' id='word_1_87' title='bbox 498 1343 604 1387; x_wconf 89' lang='lat' dir='ltr'><strong>res</strong></span> <span class='ocrx_word' id='word_1_88' title='bbox 648 1324 716 1385; x_wconf 90' lang='lat' dir='ltr'><strong>in</strong></span> <span class='ocrx_word' id='word_1_89' title='bbox 763 1340 918 1405; x_wconf 82' lang='lat' dir='ltr'><strong>quas</strong></span> <span class='ocrx_word' id='word_1_90' title='bbox 968 1323 1242 1406; x_wconf 87' lang='lat' dir='ltr'><strong>pecunia</strong></span> <span class='ocrx_word' id='word_1_91' title='bbox 1285 1320 1542 1407; x_wconf 87' lang='lat' dir='ltr'><strong>publice</strong></span> <span class='ocrx_word' id='word_1_92' title='bbox 1587 1332 1842 1408; x_wconf 84' lang='lat' dir='ltr'><strong>erogata</strong></span> <span class='ocrx_word' id='word_1_93' title='bbox 1883 1324 1965 1385; x_wconf 83' lang='lat' dir='ltr'><strong>sit</strong></span> <span class='ocrx_word' id='word_1_94' title='bbox 2009 1322 2463 1405; x_wconf 78' lang='lat' dir='ltr'><strong>investigemus</strong></span> <span class='ocrx_word' id='word_1_95' title='bbox 2490 1330 2565 1384; x_wconf 69' lang='lat' dir='ltr'><strong>et„</strong></span> <span class='ocrx_word' id='word_1_96' title='bbox 2583 1330 3071 1404; x_wconf 69' lang='lat' dir='ltr'><strong>perscrutemur.</strong></span> <span class='ocrx_word' id='word_1_97' title='bbox 3144 1318 3331 1404; x_wconf 83' lang='lat' dir='ltr'><strong>Quae</strong></span> <span class='ocrx_word' id='word_1_98' title='bbox 3370 1336 3515 1383; x_wconf 86' lang='lat' dir='ltr'><strong>cum</strong></span> 
     </span>
     <span class='ocr_line' id='line_1_10' title="bbox 337 1422 3511 1513; baseline -0.002 -20"><span class='ocrx_word' id='word_1_99' title='bbox 337 1438 472 1493; x_wconf 87' lang='lat' dir='ltr'><strong>tres</strong></span> <span class='ocrx_word' id='word_1_100' title='bbox 515 1426 652 1491; x_wconf 84' lang='lat' dir='ltr'><strong>tere</strong></span> <span class='ocrx_word' id='word_1_101' title='bbox 697 1427 851 1504; x_wconf 89' lang='lat' dir='ltr'><strong>sint,</strong></span> <span class='ocrx_word' id='word_1_102' title='bbox 897 1425 1306 1511; x_wconf 87' lang='lat' dir='ltr'><strong>stipendium,</strong></span> <span class='ocrx_word' id='word_1_103' title='bbox 1351 1427 1762 1507; x_wconf 82' lang='lat' dir='ltr'><strong>frumentum,</strong></span> <span class='ocrx_word' id='word_1_104' title='bbox 1809 1426 2045 1493; x_wconf 87' lang='lat' dir='ltr'><strong>cibaria</strong></span> <span class='ocrx_word' id='word_1_105' title='bbox 2087 1428 2401 1513; x_wconf 86' lang='lat' dir='ltr'><strong>praetoris</strong></span> <span class='ocrx_word' id='word_1_106' title='bbox 2445 1430 2871 1511; x_wconf 77' lang='lat' dir='ltr'><strong>comitumque</strong></span> <span class='ocrx_word' id='word_1_107' title='bbox 2892 1425 2993 1509; x_wconf 82' lang='lat'><strong>⁴⁴),</strong></span> <span class='ocrx_word' id='word_1_108' title='bbox 3050 1424 3131 1491; x_wconf 90' lang='lat' dir='ltr'><strong>de</strong></span> <span class='ocrx_word' id='word_1_109' title='bbox 3188 1422 3511 1509; x_wconf 87' lang='lat' dir='ltr'><strong>stipendio</strong></span> 
     </span>
     <span class='ocr_line' id='line_1_11' title="bbox 337 1529 3515 1619; baseline -0.002 -20"><span class='ocrx_word' id='word_1_110' title='bbox 337 1532 474 1599; x_wconf 85' lang='lat' dir='ltr'><strong>hoc</strong></span> <span class='ocrx_word' id='word_1_111' title='bbox 517 1530 770 1617; x_wconf 86' lang='lat' dir='ltr'><strong>quidem</strong></span> <span class='ocrx_word' id='word_1_112' title='bbox 814 1529 962 1595; x_wconf 86' lang='lat' dir='ltr'><strong>loco</strong></span> <span class='ocrx_word' id='word_1_113' title='bbox 1009 1530 1332 1617; x_wconf 85' lang='lat' dir='ltr'><strong>disputare</strong></span> <span class='ocrx_word' id='word_1_114' title='bbox 1376 1534 1444 1597; x_wconf 91' lang='lat' dir='ltr'><strong>in</strong></span> <span class='ocrx_word' id='word_1_115' title='bbox 1487 1535 1698 1600; x_wconf 80' lang='lat' dir='ltr'><strong>animo</strong></span> <span class='ocrx_word' id='word_1_116' title='bbox 1743 1552 1876 1599; x_wconf 89' lang='lat' dir='ltr'><strong>non</strong></span> <span class='ocrx_word' id='word_1_117' title='bbox 1921 1542 2033 1597; x_wconf 86' lang='lat' dir='ltr'><strong>est.</strong></span> <span class='ocrx_word' id='word_1_118' title='bbox 2083 1564 2088 1572; x_wconf 92' lang='lat'>·</span> <span class='ocrx_word' id='word_1_119' title='bbox 2121 1534 2329 1619; x_wconf 80' lang='lat' dir='ltr'><strong>Magis</strong></span> <span class='ocrx_word' id='word_1_120' title='bbox 2374 1534 2535 1597; x_wconf 88' lang='lat' dir='ltr'><strong>enim</strong></span> <span class='ocrx_word' id='word_1_121' title='bbox 2580 1530 3227 1617; x_wconf 75' lang='lat' dir='ltr'><strong>placet&#39;desertarum</strong></span> <span class='ocrx_word' id='word_1_122' title='bbox 3269 1530 3515 1595; x_wconf 86' lang='lat' dir='ltr'><strong>relicta-</strong></span> 
     </span>
     <span class='ocr_line' id='line_1_12' title="bbox 337 1635 3513 1725; baseline -0.001 -22"><span class='ocrx_word' id='word_1_123' title='bbox 337 1660 612 1723; x_wconf 84' lang='lat' dir='ltr'><strong>rumque</strong></span> <span class='ocrx_word' id='word_1_124' title='bbox 657 1658 864 1704; x_wconf 86' lang='lat' dir='ltr'><strong>rerum</strong></span> <span class='ocrx_word' id='word_1_125' title='bbox 909 1640 1328 1723; x_wconf 75' lang='lat' dir='ltr'><strong>patrocinium</strong></span> <span class='ocrx_word' id='word_1_126' title='bbox 1374 1642 1732 1725; x_wconf 85' lang='lat' dir='ltr'><strong>suscipere,</strong></span> <span class='ocrx_word' id='word_1_127' title='bbox 1787 1660 1974 1723; x_wconf 87' lang='lat' dir='ltr'><strong>quam</strong></span> <span class='ocrx_word' id='word_1_128' title='bbox 2021 1648 2451 1725; x_wconf 76' lang='lat' dir='ltr'><strong>argumentum</strong></span> <span class='ocrx_word' id='word_1_129' title='bbox 2496 1637 2789 1723; x_wconf 87' lang='lat' dir='ltr'><strong>amplecti</strong></span> <span class='ocrx_word' id='word_1_130' title='bbox 2815 1658 2869 1701; x_wconf 87' lang='lat' dir='ltr'><strong>·a</strong></span> <span class='ocrx_word' id='word_1_131' title='bbox 2912 1637 3123 1703; x_wconf 84' lang='lat' dir='ltr'><strong>multis</strong></span> <span class='ocrx_word' id='word_1_132' title='bbox 3168 1648 3231 1701; x_wconf 90' lang='lat' dir='ltr'><strong>et</strong></span> <span class='ocrx_word' id='word_1_133' title='bbox 3274 1635 3513 1702; x_wconf 87' lang='lat' dir='ltr'><strong>doctis-</strong></span> 
     </span>
     <span class='ocr_line' id='line_1_13' title="bbox 339 1742 3515 1834; baseline -0.001 -25"><span class='ocrx_word' id='word_1_134' title='bbox 339 1746 516 1809; x_wconf 86' lang='lat' dir='ltr'><strong>simis</strong></span> <span class='ocrx_word' id='word_1_135' title='bbox 574 1745 726 1807; x_wconf 86' lang='lat' dir='ltr'><strong>viris</strong></span> <span class='ocrx_word' id='word_1_136' title='bbox 784 1752 1142 1822; x_wconf 86' lang='lat' dir='ltr'><strong>tractatum,</strong></span> <span class='ocrx_word' id='word_1_137' title='bbox 1209 1765 1286 1807; x_wconf 84' lang='lat' dir='ltr'><strong>ex</strong></span> <span class='ocrx_word' id='word_1_138' title='bbox 1329 1766 1462 1834; x_wconf 89' lang='lat' dir='ltr'><strong>quo</strong></span> <span class='ocrx_word' id='word_1_139' title='bbox 1507 1767 1714 1832; x_wconf 86' lang='lat' dir='ltr'><strong>pauca</strong></span> <span class='ocrx_word' id='word_1_140' title='bbox 1758 1755 2000 1833; x_wconf 82' lang='lat' dir='ltr'><strong>tantum</strong></span> <span class='ocrx_word' id='word_1_141' title='bbox 2047 1746 2307 1830; x_wconf 82' lang='lat' dir='ltr'><strong>exprimi</strong></span> <span class='ocrx_word' id='word_1_142' title='bbox 2352 1748 2603 1829; x_wconf 85' lang='lat' dir='ltr'><strong>possint</strong></span> <span class='ocrx_word' id='word_1_143' title='bbox 2649 1764 2812 1829; x_wconf 89' lang='lat' dir='ltr'><strong>quae</strong></span> <span class='ocrx_word' id='word_1_144' title='bbox 2856 1764 2991 1809; x_wconf 87' lang='lat' dir='ltr'><strong>non</strong></span> <span class='ocrx_word' id='word_1_145' title='bbox 3032 1746 3157 1807; x_wconf 88' lang='lat' dir='ltr'><strong>iam</strong></span> <span class='ocrx_word' id='word_1_146' title='bbox 3200 1744 3343 1806; x_wconf 81' lang='lat' dir='ltr'><strong>trita</strong></span> <span class='ocrx_word' id='word_1_147' title='bbox 3386 1742 3515 1807; x_wconf 84' lang='lat' dir='ltr'><strong>sint</strong></span> 
     </span>
     <span class='ocr_line' id='line_1_14' title="bbox 339 1844 3513 1935; baseline -0.002 -18"><span class='ocrx_word' id='word_1_148' title='bbox 339 1860 410 1917; x_wconf 88' lang='lat' dir='ltr'><strong>et</strong></span> <span class='ocrx_word' id='word_1_149' title='bbox 455 1847 804 1915; x_wconf 84' lang='lat' dir='ltr'><strong>decantata.</strong></span> <span class='ocrx_word' id='word_1_150' title='bbox 895 1849 1062 1914; x_wconf 88' lang='lat' dir='ltr'><strong>Satis</strong></span> <span class='ocrx_word' id='word_1_151' title='bbox 1105 1852 1295 1935; x_wconf 86' lang='lat' dir='ltr'><strong>igitur</strong></span> <span class='ocrx_word' id='word_1_152' title='bbox 1337 1849 1550 1917; x_wconf 86' lang='lat' dir='ltr'><strong>habeo</strong></span> <span class='ocrx_word' id='word_1_153' title='bbox 1599 1872 1675 1917; x_wconf 86' lang='lat' dir='ltr'><strong>ea</strong></span> <span class='ocrx_word' id='word_1_154' title='bbox 1718 1849 1902 1916; x_wconf 85' lang='lat' dir='ltr'><strong>brevi</strong></span> <span class='ocrx_word' id='word_1_155' title='bbox 1945 1852 2281 1935; x_wconf 84' lang='lat' dir='ltr'><strong>explicare,</strong></span> <span class='ocrx_word' id='word_1_156' title='bbox 2324 1870 2491 1935; x_wconf 85' lang='lat' dir='ltr'><strong>quae</strong></span> <span class='ocrx_word' id='word_1_157' title='bbox 2534 1847 2621 1915; x_wconf 93' lang='lat' dir='ltr'><strong>de</strong></span> <span class='ocrx_word' id='word_1_158' title='bbox 2664 1850 2981 1915; x_wconf 87' lang='lat' dir='ltr'><strong>frumento</strong></span> <span class='ocrx_word' id='word_1_159' title='bbox 3028 1860 3094 1915; x_wconf 91' lang='lat' dir='ltr'><strong>et</strong></span> <span class='ocrx_word' id='word_1_160' title='bbox 3137 1847 3221 1914; x_wconf 89' lang='lat' dir='ltr'><strong>de</strong></span> <span class='ocrx_word' id='word_1_161' title='bbox 3262 1844 3513 1912; x_wconf 81' lang='lat' dir='ltr'><strong>cibariis</strong></span> 
     </span>
     <span class='ocr_line' id='line_1_15' title="bbox 337 1954 1144 2041; baseline 0.002 -22"><span class='ocrx_word' id='word_1_162' title='bbox 337 1957 662 2041; x_wconf 65' lang='lat' dir='ltr'><strong>reperisse</strong></span> <span class='ocrx_word' id='word_1_163' title='bbox 709 1955 856 2019; x_wconf 86' lang='lat' dir='ltr'><strong>mihi</strong></span> <span class='ocrx_word' id='word_1_164' title='bbox 901 1954 1144 2021; x_wconf 86' lang='lat' dir='ltr'><strong>videor.</strong></span> 
     </span>
    </p>

    <p class='ocr_par' dir='ltr' id='par_1_4' title="bbox 331 2059 3519 3211">
     <span class='ocr_line' id='line_1_16' title="bbox 524 2059 3515 2149; baseline -0.001 -22"><span class='ocrx_word' id='word_1_165' title='bbox 524 2063 606 2127; x_wconf 88' lang='lat' dir='ltr'><strong>Et</strong></span> <span class='ocrx_word' id='word_1_166' title='bbox 652 2064 920 2147; x_wconf 86' lang='lat' dir='ltr'><strong>primum</strong></span> <span class='ocrx_word' id='word_1_167' title='bbox 967 2060 1224 2145; x_wconf 90' lang='lat' dir='ltr'><strong>quidem</strong></span> <span class='ocrx_word' id='word_1_168' title='bbox 1269 2062 1736 2130; x_wconf 78' lang='lat' dir='ltr'><strong>frumentum</strong></span> <span class='ocrx_word' id='word_1_169' title='bbox 1780 2063 1858 2127; x_wconf 90' lang='lat' dir='ltr'><strong>in</strong></span> <span class='ocrx_word' id='word_1_170' title='bbox 1905 2061 2179 2129; x_wconf 82' lang='lat' dir='ltr'><strong>cellam</strong></span> <span class='ocrx_word' id='word_1_171' title='bbox 2202 2060 2277 2144; x_wconf 80' lang='lat'><strong>⁴⁵)</strong></span> <span class='ocrx_word' id='word_1_172' title='bbox 2321 2072 2393 2127; x_wconf 88' lang='lat' dir='ltr'><strong>ut</strong></span> <span class='ocrx_word' id='word_1_173' title='bbox 2422 2070 2741 2127; x_wconf 85' lang='lat' dir='ltr'><strong>sumerent</strong></span> <span class='ocrx_word' id='word_1_174' title='bbox 2786 2059 3100 2137; x_wconf 86' lang='lat' dir='ltr'><strong>omnibus,</strong></span> <span class='ocrx_word' id='word_1_175' title='bbox 3146 2062 3515 2149; x_wconf 89' lang='lat' dir='ltr'><strong>quicunque</strong></span> 
     </span>
     <span class='ocr_line' id='line_1_17' title="bbox 339 2164 3515 2255; baseline -0.001 -22"><span class='ocrx_word' id='word_1_176' title='bbox 339 2170 480 2233; x_wconf 86' lang='lat' dir='ltr'><strong>sive</strong></span> <span class='ocrx_word' id='word_1_177' title='bbox 509 2189 632 2253; x_wconf 90' lang='lat' dir='ltr'><strong>pro</strong></span> <span class='ocrx_word' id='word_1_178' title='bbox 663 2166 1038 2233; x_wconf 85' lang='lat' dir='ltr'><strong>consulibus</strong></span> <span class='ocrx_word' id='word_1_179' title='bbox 1067 2171 1200 2234; x_wconf 80' lang='lat' dir='ltr'><strong>sive</strong></span> <span class='ocrx_word' id='word_1_180' title='bbox 1229 2188 1352 2253; x_wconf 90' lang='lat' dir='ltr'><strong>pro</strong></span> <span class='ocrx_word' id='word_1_181' title='bbox 1379 2166 1782 2255; x_wconf 84' lang='lat' dir='ltr'><strong>praetoribus</strong></span> <span class='ocrx_word' id='word_1_182' title='bbox 1813 2170 2161 2255; x_wconf 86' lang='lat' dir='ltr'><strong>provinciis</strong></span> <span class='ocrx_word' id='word_1_183' title='bbox 2192 2178 2542 2255; x_wconf 79' lang='lat' dir='ltr'><strong>praeerant,</strong></span> <span class='ocrx_word' id='word_1_184' title='bbox 2586 2170 2963 2255; x_wconf 88' lang='lat' dir='ltr'><strong>permissum</strong></span> <span class='ocrx_word' id='word_1_185' title='bbox 2994 2176 3127 2232; x_wconf 86' lang='lat' dir='ltr'><strong>erat</strong></span> <span class='ocrx_word' id='word_1_186' title='bbox 3156 2165 3403 2253; x_wconf 87' lang='lat' dir='ltr'><strong>legibus</strong></span> <span class='ocrx_word' id='word_1_187' title='bbox 3418 2164 3515 2248; x_wconf 77' lang='lat'><strong>⁴⁸).</strong></span> 
     </span>
     <span class='ocr_line' id='line_1_18' title="bbox 339 2269 3517 2361; baseline -0.002 -22"><span class='ocrx_word' id='word_1_188' title='bbox 339 2275 666 2339; x_wconf 83' lang='lat' dir='ltr'><strong>Numerus</strong></span> <span class='ocrx_word' id='word_1_189' title='bbox 723 2283 932 2338; x_wconf 86' lang='lat' dir='ltr'><strong>autem</strong></span> <span class='ocrx_word' id='word_1_190' title='bbox 983 2273 1282 2339; x_wconf 78' lang='lat' dir='ltr'><strong>frumenti</strong></span> <span class='ocrx_word' id='word_1_191' title='bbox 1337 2296 1524 2361; x_wconf 83' lang='lat' dir='ltr'><strong>quem</strong></span> <span class='ocrx_word' id='word_1_192' title='bbox 1580 2272 1812 2359; x_wconf 82' lang='lat' dir='ltr'><strong>singuli</strong></span> <span class='ocrx_word' id='word_1_193' title='bbox 1865 2284 2199 2360; x_wconf 85' lang='lat' dir='ltr'><strong>praetores</strong></span> <span class='ocrx_word' id='word_1_194' title='bbox 2259 2273 2389 2339; x_wconf 87' lang='lat' dir='ltr'><strong>hoc</strong></span> <span class='ocrx_word' id='word_1_195' title='bbox 2440 2278 2696 2342; x_wconf 83' lang='lat' dir='ltr'><strong>nomine</strong></span> <span class='ocrx_word' id='word_1_196' title='bbox 2742 2278 3089 2360; x_wconf 85' lang='lat' dir='ltr'><strong>exigerent,</strong></span> <span class='ocrx_word' id='word_1_197' title='bbox 3148 2294 3287 2337; x_wconf 88' lang='lat' dir='ltr'><strong>cum</strong></span> <span class='ocrx_word' id='word_1_198' title='bbox 3342 2269 3517 2335; x_wconf 90' lang='lat' dir='ltr'><strong>idem</strong></span> 
     </span>
     <span class='ocr_line' id='line_1_19' title="bbox 340 2378 3517 2466; baseline -0.001 -23"><span class='ocrx_word' id='word_1_199' title='bbox 340 2400 490 2445; x_wconf 87' lang='lat' dir='ltr'><strong>esse</strong></span> <span class='ocrx_word' id='word_1_200' title='bbox 531 2401 668 2445; x_wconf 84' lang='lat' dir='ltr'><strong>non</strong></span> <span class='ocrx_word' id='word_1_201' title='bbox 711 2390 938 2464; x_wconf 86' lang='lat' dir='ltr'><strong>posset</strong></span> <span class='ocrx_word' id='word_1_202' title='bbox 979 2401 1194 2464; x_wconf 88' lang='lat' dir='ltr'><strong>neque</strong></span> <span class='ocrx_word' id='word_1_203' title='bbox 1235 2382 1302 2445; x_wconf 80' lang='lat' dir='ltr'><strong>ln</strong></span> <span class='ocrx_word' id='word_1_204' title='bbox 1349 2379 1644 2447; x_wconf 87' lang='lat' dir='ltr'><strong>omnibus</strong></span> <span class='ocrx_word' id='word_1_205' title='bbox 1687 2382 2036 2466; x_wconf 88' lang='lat' dir='ltr'><strong>provinciis</strong></span> <span class='ocrx_word' id='word_1_206' title='bbox 2083 2378 2313 2445; x_wconf 88' lang='lat' dir='ltr'><strong>eodem</strong></span> <span class='ocrx_word' id='word_1_207' title='bbox 2367 2390 2653 2466; x_wconf 87' lang='lat' dir='ltr'><strong>tempore</strong></span> <span class='ocrx_word' id='word_1_208' title='bbox 2694 2402 2907 2466; x_wconf 89' lang='lat' dir='ltr'><strong>neque</strong></span> <span class='ocrx_word' id='word_1_209' title='bbox 2953 2378 3221 2445; x_wconf 88' lang='lat' dir='ltr'><strong>diversis</strong></span> <span class='ocrx_word' id='word_1_210' title='bbox 3267 2387 3517 2461; x_wconf 88' lang='lat' dir='ltr'><strong>tempo-</strong></span> 
     </span>
     <span class='ocr_line' id='line_1_20' title="bbox 335 2483 3517 2577; baseline -0.001 -26"><span class='ocrx_word' id='word_1_211' title='bbox 335 2484 524 2554; x_wconf 81' lang='lat' dir='ltr'><strong>ribus</strong></span> <span class='ocrx_word' id='word_1_212' title='bbox 567 2488 636 2551; x_wconf 88' lang='lat' dir='ltr'><strong>in</strong></span> <span class='ocrx_word' id='word_1_213' title='bbox 683 2483 904 2551; x_wconf 86' lang='lat' dir='ltr'><strong>eadem</strong></span> <span class='ocrx_word' id='word_1_214' title='bbox 945 2488 1306 2570; x_wconf 82' lang='lat' dir='ltr'><strong>provincia,</strong></span> <span class='ocrx_word' id='word_1_215' title='bbox 1359 2487 1728 2553; x_wconf 83' lang='lat' dir='ltr'><strong>nominatim</strong></span> <span class='ocrx_word' id='word_1_216' title='bbox 1773 2484 2239 2555; x_wconf 85' lang='lat' dir='ltr'><strong>decernebatur</strong></span> <span class='ocrx_word' id='word_1_217' title='bbox 2284 2506 2320 2549; x_wconf 88' lang='lat' dir='ltr'><strong>a</strong></span> <span class='ocrx_word' id='word_1_218' title='bbox 2364 2498 2617 2563; x_wconf 86' lang='lat' dir='ltr'><strong>senatu,</strong></span> <span class='ocrx_word' id='word_1_219' title='bbox 2676 2489 2977 2577; x_wconf 84' lang='lat' dir='ltr'><strong>quotiens</strong></span> <span class='ocrx_word' id='word_1_220' title='bbox 3032 2483 3309 2571; x_wconf 83' lang='lat' dir='ltr'><strong>singulas</strong></span> <span class='ocrx_word' id='word_1_221' title='bbox 3361 2502 3517 2567; x_wconf 88' lang='lat' dir='ltr'><strong>pro-</strong></span> 
     </span>
     <span class='ocr_line' id='line_1_21' title="bbox 335 2589 3519 2679; baseline -0.001 -24"><span class='ocrx_word' id='word_1_222' title='bbox 335 2592 586 2658; x_wconf 84' lang='lat' dir='ltr'><strong>vincias</strong></span> <span class='ocrx_word' id='word_1_223' title='bbox 619 2589 908 2661; x_wconf 86' lang='lat' dir='ltr'><strong>ornabat.</strong></span> <span class='ocrx_word' id='word_1_224' title='bbox 970 2590 1162 2657; x_wconf 88' lang='lat' dir='ltr'><strong>Unde</strong></span> <span class='ocrx_word' id='word_1_225' title='bbox 1193 2590 1559 2678; x_wconf 84' lang='lat' dir='ltr'><strong>intelligitur</strong></span> <span class='ocrx_word' id='word_1_226' title='bbox 1604 2591 1758 2677; x_wconf 89' lang='lat' dir='ltr'><strong>quid</strong></span> <span class='ocrx_word' id='word_1_227' title='bbox 1803 2595 1886 2657; x_wconf 89' lang='lat' dir='ltr'><strong>sit</strong></span> <span class='ocrx_word' id='word_1_228' title='bbox 1931 2590 2107 2678; x_wconf 90' lang='lat' dir='ltr'><strong>quod</strong></span> <span class='ocrx_word' id='word_1_229' title='bbox 2155 2613 2231 2656; x_wconf 83' lang='lat' dir='ltr'><strong>ex</strong></span> <span class='ocrx_word' id='word_1_230' title='bbox 2261 2589 2441 2657; x_wconf 90' lang='lat' dir='ltr'><strong>SCto</strong></span> <span class='ocrx_word' id='word_1_231' title='bbox 2488 2601 2551 2657; x_wconf 88' lang='lat' dir='ltr'><strong>et</strong></span> <span class='ocrx_word' id='word_1_232' title='bbox 2594 2614 2669 2657; x_wconf 85' lang='lat' dir='ltr'><strong>ex</strong></span> <span class='ocrx_word' id='word_1_233' title='bbox 2712 2592 2959 2679; x_wconf 89' lang='lat' dir='ltr'><strong>legibus</strong></span> <span class='ocrx_word' id='word_1_234' title='bbox 2991 2594 3232 2656; x_wconf 84' lang='lat' dir='ltr'><strong>Verres</strong></span> <span class='ocrx_word' id='word_1_235' title='bbox 3272 2589 3519 2654; x_wconf 86' lang='lat' dir='ltr'><strong>dicatur</strong></span> 
     </span>
     <span class='ocr_line' id='line_1_22' title="bbox 335 2696 3519 2784; baseline -0.001 -20"><span class='ocrx_word' id='word_1_236' title='bbox 335 2698 728 2766; x_wconf 85' lang='lat' dir='ltr'><strong>frumentum</strong></span> <span class='ocrx_word' id='word_1_237' title='bbox 769 2704 836 2764; x_wconf 87' lang='lat' dir='ltr'><strong>in</strong></span> <span class='ocrx_word' id='word_1_238' title='bbox 882 2696 1104 2764; x_wconf 82' lang='lat' dir='ltr'><strong>cellam</strong></span> <span class='ocrx_word' id='word_1_239' title='bbox 1151 2699 1494 2784; x_wconf 87' lang='lat' dir='ltr'><strong>sumpsisse</strong></span> <span class='ocrx_word' id='word_1_240' title='bbox 1516 2696 1614 2781; x_wconf 84' lang='lat'><strong>⁴⁷).</strong></span> <span class='ocrx_word' id='word_1_241' title='bbox 1703 2696 1958 2772; x_wconf 87' lang='lat' dir='ltr'><strong>Deinde</strong></span> <span class='ocrx_word' id='word_1_242' title='bbox 2015 2720 2159 2767; x_wconf 86' lang='lat' dir='ltr'><strong>cum</strong></span> <span class='ocrx_word' id='word_1_243' title='bbox 2212 2718 2347 2764; x_wconf 89' lang='lat' dir='ltr'><strong>non</strong></span> <span class='ocrx_word' id='word_1_244' title='bbox 2390 2697 2735 2784; x_wconf 82' lang='lat' dir='ltr'><strong>placuisset</strong></span> <span class='ocrx_word' id='word_1_245' title='bbox 2776 2702 2991 2765; x_wconf 86' lang='lat' dir='ltr'><strong>socios</strong></span> <span class='ocrx_word' id='word_1_246' title='bbox 3034 2696 3193 2764; x_wconf 88' lang='lat' dir='ltr'><strong>illud</strong></span> <span class='ocrx_word' id='word_1_247' title='bbox 3238 2696 3519 2762; x_wconf 76' lang='lat' dir='ltr'><strong>frumen-</strong></span> 
     </span>
     <span class='ocr_line' id='line_1_23' title="bbox 338 2803 3517 2891; baseline 0 -23"><span class='ocrx_word' id='word_1_248' title='bbox 338 2815 482 2868; x_wconf 82' lang='lat' dir='ltr'><strong>tum</strong></span> <span class='ocrx_word' id='word_1_249' title='bbox 525 2806 716 2890; x_wconf 84' lang='lat' dir='ltr'><strong>gratis</strong></span> <span class='ocrx_word' id='word_1_250' title='bbox 762 2803 944 2884; x_wconf 84' lang='lat' dir='ltr'><strong>dare,</strong></span> <span class='ocrx_word' id='word_1_251' title='bbox 1001 2804 1130 2873; x_wconf 82' lang='lat' dir='ltr'><strong>hoc</strong></span> <span class='ocrx_word' id='word_1_252' title='bbox 1189 2825 1450 2890; x_wconf 87' lang='lat' dir='ltr'><strong>quoque</strong></span> <span class='ocrx_word' id='word_1_253' title='bbox 1493 2815 1754 2875; x_wconf 83' lang='lat' dir='ltr'><strong>senatus</strong></span> <span class='ocrx_word' id='word_1_254' title='bbox 1801 2815 1962 2884; x_wconf 82' lang='lat' dir='ltr'><strong>erat,</strong></span> <span class='ocrx_word' id='word_1_255' title='bbox 2019 2814 2297 2870; x_wconf 86' lang='lat' dir='ltr'><strong>statuere</strong></span> <span class='ocrx_word' id='word_1_256' title='bbox 2350 2806 2555 2890; x_wconf 84' lang='lat' dir='ltr'><strong>pretia</strong></span> <span class='ocrx_word' id='word_1_257' title='bbox 2609 2825 2773 2889; x_wconf 88' lang='lat' dir='ltr'><strong>quae</strong></span> <span class='ocrx_word' id='word_1_258' title='bbox 2821 2815 3159 2891; x_wconf 86' lang='lat' dir='ltr'><strong>praetores</strong></span> <span class='ocrx_word' id='word_1_259' title='bbox 3215 2824 3337 2890; x_wconf 88' lang='lat' dir='ltr'><strong>pro</strong></span> <span class='ocrx_word' id='word_1_260' title='bbox 3382 2803 3517 2868; x_wconf 82' lang='lat' dir='ltr'><strong>fru-</strong></span> 
     </span>
     <span class='ocr_line' id='line_1_24' title="bbox 331 2909 3515 3000; baseline -0.001 -26"><span class='ocrx_word' id='word_1_261' title='bbox 331 2919 563 2974; x_wconf 87' lang='lat' dir='ltr'><strong>mento</strong></span> <span class='ocrx_word' id='word_1_262' title='bbox 619 2909 858 2976; x_wconf 83' lang='lat' dir='ltr'><strong>collato</strong></span> <span class='ocrx_word' id='word_1_263' title='bbox 919 2914 1110 2976; x_wconf 86' lang='lat' dir='ltr'><strong>sociis</strong></span> <span class='ocrx_word' id='word_1_264' title='bbox 1165 2910 1506 2976; x_wconf 85' lang='lat' dir='ltr'><strong>solverent.</strong></span> <span class='ocrx_word' id='word_1_265' title='bbox 1597 2913 1848 2978; x_wconf 86' lang='lat' dir='ltr'><strong>Etenim</strong></span> <span class='ocrx_word' id='word_1_266' title='bbox 1905 2913 1960 2974; x_wconf 89' lang='lat' dir='ltr'><strong>si</strong></span> <span class='ocrx_word' id='word_1_267' title='bbox 2011 2911 2150 3000; x_wconf 82' lang='lat' dir='ltr'><strong>lege</strong></span> <span class='ocrx_word' id='word_1_268' title='bbox 2206 2913 2347 2996; x_wconf 84' lang='lat' dir='ltr'><strong>ipsa</strong></span> <span class='ocrx_word' id='word_1_269' title='bbox 2400 2909 2509 2974; x_wconf 83' lang='lat' dir='ltr'><strong>illa</strong></span> <span class='ocrx_word' id='word_1_270' title='bbox 2566 2910 2767 2976; x_wconf 90' lang='lat' dir='ltr'><strong>semel</strong></span> <span class='ocrx_word' id='word_1_271' title='bbox 2822 2913 3163 2978; x_wconf 84' lang='lat' dir='ltr'><strong>constituta</strong></span> <span class='ocrx_word' id='word_1_272' title='bbox 3224 2909 3515 2986; x_wconf 76' lang='lat' dir='ltr'><strong>fuissent,</strong></span> 
     </span>
     <span class='ocr_line' id='line_1_25' title="bbox 336 3015 3519 3102; baseline 0 -22"><span class='ocrx_word' id='word_1_273' title='bbox 336 3025 617 3102; x_wconf 84' lang='lat' dir='ltr'><strong>propter</strong></span> <span class='ocrx_word' id='word_1_274' title='bbox 661 3037 942 3102; x_wconf 73' lang='lat' dir='ltr'><strong>maguam</strong></span> <span class='ocrx_word' id='word_1_275' title='bbox 987 3038 1284 3083; x_wconf 88' lang='lat' dir='ltr'><strong>annonae</strong></span> <span class='ocrx_word' id='word_1_276' title='bbox 1328 3020 1692 3085; x_wconf 84' lang='lat' dir='ltr'><strong>varietatem</strong></span> <span class='ocrx_word' id='word_1_277' title='bbox 1735 3016 1882 3082; x_wconf 82' lang='lat' dir='ltr'><strong>fieri</strong></span> <span class='ocrx_word' id='word_1_278' title='bbox 1923 3038 2058 3083; x_wconf 88' lang='lat' dir='ltr'><strong>non</strong></span> <span class='ocrx_word' id='word_1_279' title='bbox 2102 3019 2339 3102; x_wconf 88' lang='lat' dir='ltr'><strong>potuit,</strong></span> <span class='ocrx_word' id='word_1_280' title='bbox 2396 3019 2552 3102; x_wconf 88' lang='lat' dir='ltr'><strong>quin</strong></span> <span class='ocrx_word' id='word_1_281' title='bbox 2608 3015 2829 3083; x_wconf 87' lang='lat' dir='ltr'><strong>eadem</strong></span> <span class='ocrx_word' id='word_1_282' title='bbox 2886 3019 3321 3084; x_wconf 85' lang='lat' dir='ltr'><strong>aestimatione</strong></span> <span class='ocrx_word' id='word_1_283' title='bbox 3382 3036 3519 3080; x_wconf 81' lang='lat' dir='ltr'><strong>ara-</strong></span> 
     </span>
     <span class='ocr_line' id='line_1_26' title="bbox 335 3121 3517 3211; baseline -0 -23"><span class='ocrx_word' id='word_1_284' title='bbox 335 3131 520 3188; x_wconf 86' lang='lat' dir='ltr'><strong>tores</strong></span> <span class='ocrx_word' id='word_1_285' title='bbox 577 3121 772 3188; x_wconf 89' lang='lat' dir='ltr'><strong>modo</strong></span> <span class='ocrx_word' id='word_1_286' title='bbox 827 3122 1372 3208; x_wconf 85' lang='lat' dir='ltr'><strong>locupletarentur</strong></span> <span class='ocrx_word' id='word_1_287' title='bbox 1428 3121 1622 3190; x_wconf 87' lang='lat' dir='ltr'><strong>modo</strong></span> <span class='ocrx_word' id='word_1_288' title='bbox 1685 3145 1954 3211; x_wconf 86' lang='lat' dir='ltr'><strong>prorsus</strong></span> <span class='ocrx_word' id='word_1_289' title='bbox 2023 3133 2459 3190; x_wconf 83' lang='lat' dir='ltr'><strong>everterentur</strong></span> <span class='ocrx_word' id='word_1_290' title='bbox 2479 3122 2575 3204; x_wconf 81' lang='lat'><strong>⁴⁸).</strong></span> <span class='ocrx_word' id='word_1_291' title='bbox 2674 3123 2947 3190; x_wconf 83' lang='lat' dir='ltr'><strong>Senatus</strong></span> <span class='ocrx_word' id='word_1_292' title='bbox 3010 3125 3199 3208; x_wconf 85' lang='lat' dir='ltr'><strong>igitur</strong></span> <span class='ocrx_word' id='word_1_293' title='bbox 3264 3141 3517 3188; x_wconf 86' lang='lat' dir='ltr'><strong>omnem</strong></span> 
     </span>
    </p>
   </div>
   <div class='ocr_carea' id='block_1_3' title="bbox 343 3273 768 3284">
    <p class='ocr_par' dir='ltr' id='par_1_5' title="bbox 343 3273 768 3284">
     <span class='ocr_line' id='line_1_27' title="bbox 343 3273 768 3284; baseline 0 0"><span class='ocrx_word' id='word_1_294' title='bbox 343 3273 768 3284; x_wconf 95' lang='lat' dir='ltr'><strong> </strong></span> 
     </span>
    </p>
   </div>
   <div class='ocr_carea' id='block_1_4' title="bbox 345 3347 3519 5029">
    <p class='ocr_par' dir='ltr' id='par_1_6' title="bbox 345 3347 3519 3584">
     <span class='ocr_line' id='line_1_28' title="bbox 345 3347 3519 3430; baseline -0.001 -24"><span class='ocrx_word' id='word_1_295' title='bbox 345 3351 448 3420; x_wconf 77' lang='lat'><strong>⁴⁴)</strong></span> <span class='ocrx_word' id='word_1_296' title='bbox 490 3348 730 3424; x_wconf 73' lang='lat' dir='ltr'><strong>Apparet</strong></span> <span class='ocrx_word' id='word_1_297' title='bbox 763 3367 832 3404; x_wconf 76' lang='lat' dir='ltr'><strong>ex</strong></span> <span class='ocrx_word' id='word_1_298' title='bbox 865 3350 1162 3408; x_wconf 81' lang='lat' dir='ltr'><strong>rationibus</strong></span> <span class='ocrx_word' id='word_1_299' title='bbox 1198 3371 1228 3407; x_wconf 89' lang='lat' dir='ltr'><strong>a</strong></span> <span class='ocrx_word' id='word_1_300' title='bbox 1265 3350 1434 3408; x_wconf 79' lang='lat' dir='ltr'><strong>Verre</strong></span> <span class='ocrx_word' id='word_1_301' title='bbox 1465 3361 1749 3428; x_wconf 77' lang='lat' dir='ltr'><strong>quaestore</strong></span> <span class='ocrx_word' id='word_1_302' title='bbox 1785 3351 1968 3410; x_wconf 71' lang='lat' dir='ltr'><strong>relatis</strong></span> <span class='ocrx_word' id='word_1_303' title='bbox 2003 3354 2088 3426; x_wconf 84' lang='lat' dir='ltr'><strong>(in</strong></span> <span class='ocrx_word' id='word_1_304' title='bbox 2121 3348 2275 3408; x_wconf 76' lang='lat' dir='ltr'><strong>Verr-</strong></span> <span class='ocrx_word' id='word_1_305' title='bbox 2310 3349 2353 3420; x_wconf 91' lang='lat'><strong>1,</strong></span> <span class='ocrx_word' id='word_1_306' title='bbox 2380 3353 2505 3423; x_wconf 73' lang='lat'><strong>14),</strong></span> <span class='ocrx_word' id='word_1_307' title='bbox 2550 3351 2609 3408; x_wconf 88' lang='lat' dir='ltr'><strong>iu</strong></span> <span class='ocrx_word' id='word_1_308' title='bbox 2652 3351 2849 3430; x_wconf 86' lang='lat' dir='ltr'><strong>quibus</strong></span> <span class='ocrx_word' id='word_1_309' title='bbox 2898 3350 3159 3426; x_wconf 79' lang='lat' dir='ltr'><strong>praetoris</strong></span> <span class='ocrx_word' id='word_1_310' title='bbox 3194 3347 3519 3405; x_wconf 75' lang='lat' dir='ltr'><strong>cibariorum</strong></span> 
     </span>
     <span class='ocr_line' id='line_1_29' title="bbox 489 3432 3519 3516; baseline -0.002 -21"><span class='ocrx_word' id='word_1_311' title='bbox 489 3439 808 3495; x_wconf 86' lang='lat' dir='ltr'><strong>mentionem</strong></span> <span class='ocrx_word' id='word_1_312' title='bbox 846 3458 954 3494; x_wconf 88' lang='lat' dir='ltr'><strong>non</strong></span> <span class='ocrx_word' id='word_1_313' title='bbox 987 3439 1104 3496; x_wconf 86' lang='lat' dir='ltr'><strong>fieri</strong></span> <span class='ocrx_word' id='word_1_314' title='bbox 1144 3439 1258 3498; x_wconf 87' lang='lat' dir='ltr'><strong>noli</strong></span> <span class='ocrx_word' id='word_1_315' title='bbox 1292 3442 1488 3512; x_wconf 81' lang='lat' dir='ltr'><strong>mirari,</strong></span> <span class='ocrx_word' id='word_1_316' title='bbox 1523 3461 1646 3499; x_wconf 88' lang='lat' dir='ltr'><strong>nam</strong></span> <span class='ocrx_word' id='word_1_317' title='bbox 1679 3440 1829 3500; x_wconf 86' lang='lat' dir='ltr'><strong>illam</strong></span> <span class='ocrx_word' id='word_1_318' title='bbox 1864 3443 2140 3516; x_wconf 84' lang='lat' dir='ltr'><strong>pecuniam</strong></span> <span class='ocrx_word' id='word_1_319' title='bbox 2176 3462 2207 3497; x_wconf 83' lang='lat' dir='ltr'><strong>a</strong></span> <span class='ocrx_word' id='word_1_320' title='bbox 2243 3451 2525 3516; x_wconf 81' lang='lat' dir='ltr'><strong>quaestore</strong></span> <span class='ocrx_word' id='word_1_321' title='bbox 2572 3450 2845 3500; x_wconf 78' lang='lat' dir='ltr'><strong>tractatam</strong></span> <span class='ocrx_word' id='word_1_322' title='bbox 2888 3459 2999 3496; x_wconf 84' lang='lat' dir='ltr'><strong>uon</strong></span> <span class='ocrx_word' id='word_1_323' title='bbox 3032 3457 3152 3496; x_wconf 83' lang='lat' dir='ltr'><strong>esse</strong></span> <span class='ocrx_word' id='word_1_324' title='bbox 3188 3435 3343 3515; x_wconf 84' lang='lat' dir='ltr'><strong>paulo</strong></span> <span class='ocrx_word' id='word_1_325' title='bbox 3378 3432 3519 3492; x_wconf 80' lang='lat' dir='ltr'><strong>infra</strong></span> 
     </span>
     <span class='ocr_line' id='line_1_30' title="bbox 490 3524 985 3584; baseline 0.006 -4"><span class='ocrx_word' id='word_1_326' title='bbox 490 3524 985 3584; x_wconf 79' lang='lat' dir='ltr'><strong>demonstrabimus.</strong></span> 
     </span>
    </p>

    <p class='ocr_par' dir='ltr' id='par_1_7' title="bbox 349 3612 3515 3874">
     <span class='ocr_line' id='line_1_31' title="bbox 349 3612 3514 3696; baseline -0 -26"><span class='ocrx_word' id='word_1_327' title='bbox 349 3619 446 3686; x_wconf 74' lang='grc' dir='ltr'><strong>υ)</strong></span> <span class='ocrx_word' id='word_1_328' title='bbox 495 3612 631 3670; x_wconf 90' lang='lat' dir='ltr'><strong>Tota</strong></span> <span class='ocrx_word' id='word_1_329' title='bbox 670 3615 736 3670; x_wconf 90' lang='lat' dir='ltr'><strong>de</strong></span> <span class='ocrx_word' id='word_1_330' title='bbox 774 3615 870 3670; x_wconf 83' lang='lat' dir='ltr'><strong>hac</strong></span> <span class='ocrx_word' id='word_1_331' title='bbox 907 3635 963 3672; x_wconf 93' lang='lat' dir='ltr'><strong>re</strong></span> <span class='ocrx_word' id='word_1_332' title='bbox 1001 3615 1287 3693; x_wconf 80' lang='lat' dir='ltr'><strong>disputatio</strong></span> <span class='ocrx_word' id='word_1_333' title='bbox 1324 3627 1508 3674; x_wconf 84' lang='lat' dir='ltr'><strong>nostra</strong></span> <span class='ocrx_word' id='word_1_334' title='bbox 1541 3620 1731 3676; x_wconf 85' lang='lat' dir='ltr'><strong>nititur</strong></span> <span class='ocrx_word' id='word_1_335' title='bbox 1764 3621 1820 3676; x_wconf 91' lang='lat' dir='ltr'><strong>in</strong></span> <span class='ocrx_word' id='word_1_336' title='bbox 1855 3621 1938 3686; x_wconf 88' lang='lat' dir='ltr'><strong>iis,</strong></span> <span class='ocrx_word' id='word_1_337' title='bbox 1975 3637 2107 3696; x_wconf 85' lang='lat' dir='ltr'><strong>quae</strong></span> <span class='ocrx_word' id='word_1_338' title='bbox 2140 3615 2334 3674; x_wconf 87' lang='lat' dir='ltr'><strong>Cicero</strong></span> <span class='ocrx_word' id='word_1_339' title='bbox 2367 3621 2422 3674; x_wconf 89' lang='lat' dir='ltr'><strong>in</strong></span> <span class='ocrx_word' id='word_1_340' title='bbox 2461 3621 2617 3676; x_wconf 79' lang='lat' dir='ltr'><strong>tertio</strong></span> <span class='ocrx_word' id='word_1_341' title='bbox 2656 3619 2794 3676; x_wconf 87' lang='lat' dir='ltr'><strong>libro</strong></span> <span class='ocrx_word' id='word_1_342' title='bbox 2820 3615 3160 3675; x_wconf 76' lang='lat' dir='ltr'><strong>verrinarum</strong></span> <span class='ocrx_word' id='word_1_343' title='bbox 3198 3637 3225 3671; x_wconf 91' lang='lat' dir='ltr'><strong>a</strong></span> <span class='ocrx_word' id='word_1_344' title='bbox 3252 3615 3423 3690; x_wconf 84' lang='lat' dir='ltr'><strong>capite</strong></span> <span class='ocrx_word' id='word_1_345' title='bbox 3446 3615 3514 3670; x_wconf 87' lang='grc'><strong>81</strong></span> 
     </span>
     <span class='ocr_line' id='line_1_32' title="bbox 488 3701 3515 3782; baseline -0 -24"><span class='ocrx_word' id='word_1_346' title='bbox 488 3701 612 3758; x_wconf 88' lang='lat' dir='ltr'><strong>inde</strong></span> <span class='ocrx_word' id='word_1_347' title='bbox 647 3701 714 3759; x_wconf 89' lang='lat' dir='ltr'><strong>ad</strong></span> <span class='ocrx_word' id='word_1_348' title='bbox 752 3713 910 3780; x_wconf 74' lang='lat' dir='ltr'><strong>caput</strong></span> <span class='ocrx_word' id='word_1_349' title='bbox 945 3707 1016 3761; x_wconf 81' lang='lat'><strong>96</strong></span> <span class='ocrx_word' id='word_1_350' title='bbox 1052 3707 1292 3782; x_wconf 85' lang='lat' dir='ltr'><strong>queritur</strong></span> <span class='ocrx_word' id='word_1_351' title='bbox 1328 3706 1395 3762; x_wconf 90' lang='lat' dir='ltr'><strong>de</strong></span> <span class='ocrx_word' id='word_1_352' title='bbox 1430 3709 1637 3764; x_wconf 87' lang='lat' dir='ltr'><strong>iniuriis</strong></span> <span class='ocrx_word' id='word_1_353' title='bbox 1673 3707 1775 3764; x_wconf 78' lang='lat' dir='ltr'><strong>lioc</strong></span> <span class='ocrx_word' id='word_1_354' title='bbox 1811 3709 2026 3764; x_wconf 86' lang='lat' dir='ltr'><strong>nomine</strong></span> <span class='ocrx_word' id='word_1_355' title='bbox 2062 3705 2259 3763; x_wconf 84' lang='lat' dir='ltr'><strong>Siculis</strong></span> <span class='ocrx_word' id='word_1_356' title='bbox 2299 3729 2327 3762; x_wconf 90' lang='lat' dir='ltr'><strong>a</strong></span> <span class='ocrx_word' id='word_1_357' title='bbox 2362 3705 2531 3764; x_wconf 81' lang='lat' dir='ltr'><strong>Verre</strong></span> <span class='ocrx_word' id='word_1_358' title='bbox 2566 3707 2748 3764; x_wconf 84' lang='lat' dir='ltr'><strong>illatis.</strong></span> <span class='ocrx_word' id='word_1_359' title='bbox 2820 3705 2974 3763; x_wconf 89' lang='lat' dir='ltr'><strong>lllinc</strong></span> <span class='ocrx_word' id='word_1_360' title='bbox 3010 3707 3171 3780; x_wconf 79' lang='lat' dir='ltr'><strong>igitur</strong></span> <span class='ocrx_word' id='word_1_361' title='bbox 3214 3711 3515 3777; x_wconf 83' lang='lat' dir='ltr'><strong>argumenta</strong></span> 
     </span>
     <span class='ocr_line' id='line_1_33' title="bbox 491 3791 2874 3874; baseline 0.003 -28"><span class='ocrx_word' id='word_1_362' title='bbox 491 3794 631 3848; x_wconf 88' lang='lat' dir='ltr'><strong>sumi</strong></span> <span class='ocrx_word' id='word_1_363' title='bbox 667 3791 931 3860; x_wconf 80' lang='lat' dir='ltr'><strong>volumus,</strong></span> <span class='ocrx_word' id='word_1_364' title='bbox 967 3811 1102 3869; x_wconf 87' lang='lat' dir='ltr'><strong>quae</strong></span> <span class='ocrx_word' id='word_1_365' title='bbox 1136 3797 1444 3852; x_wconf 86' lang='lat' dir='ltr'><strong>nominatim</strong></span> <span class='ocrx_word' id='word_1_366' title='bbox 1481 3797 1677 3853; x_wconf 79' lang='lat' dir='ltr'><strong>afferre</strong></span> <span class='ocrx_word' id='word_1_367' title='bbox 1709 3799 1982 3853; x_wconf 75' lang='lat' dir='ltr'><strong>brevitatis</strong></span> <span class='ocrx_word' id='word_1_368' title='bbox 2017 3815 2175 3852; x_wconf 84' lang='lat' dir='ltr'><strong>causa</strong></span> <span class='ocrx_word' id='word_1_369' title='bbox 2210 3799 2421 3872; x_wconf 86' lang='lat' dir='ltr'><strong>saepius</strong></span> <span class='ocrx_word' id='word_1_370' title='bbox 2458 3797 2874 3874; x_wconf 83' lang='lat' dir='ltr'><strong>supersedimus.</strong></span> 
     </span>
    </p>

    <p class='ocr_par' dir='ltr' id='par_1_8' title="bbox 356 3877 3517 4399">
     <span class='ocr_line' id='line_1_34' title="bbox 356 3877 3517 3962; baseline 0 -26"><span class='ocrx_word' id='word_1_371' title='bbox 356 3883 378 3914; x_wconf 86' lang='lat'><strong>⁴</strong></span> <span class='ocrx_word' id='word_1_372' title='bbox 393 3881 446 3950; x_wconf 80' lang='lat'><strong>⁶)</strong></span> <span class='ocrx_word' id='word_1_373' title='bbox 493 3877 609 3936; x_wconf 73' lang='lat' dir='ltr'><strong>Hoc</strong></span> <span class='ocrx_word' id='word_1_374' title='bbox 642 3884 904 3956; x_wconf 84' lang='lat' dir='ltr'><strong>imprimis</strong></span> <span class='ocrx_word' id='word_1_375' title='bbox 939 3884 1200 3939; x_wconf 81' lang='lat' dir='ltr'><strong>interesse</strong></span> <span class='ocrx_word' id='word_1_376' title='bbox 1224 3884 1440 3942; x_wconf 66' lang='lat' dir='ltr'><strong>videtur</strong></span> <span class='ocrx_word' id='word_1_377' title='bbox 1461 3889 1600 3943; x_wconf 84' lang='lat' dir='ltr'><strong>inter</strong></span> <span class='ocrx_word' id='word_1_378' title='bbox 1625 3886 1948 3943; x_wconf 77' lang='lat' dir='ltr'><strong>frumentum</strong></span> <span class='ocrx_word' id='word_1_379' title='bbox 1971 3889 2028 3942; x_wconf 90' lang='lat' dir='ltr'><strong>iu</strong></span> <span class='ocrx_word' id='word_1_380' title='bbox 2053 3884 2241 3942; x_wconf 88' lang='lat' dir='ltr'><strong>cellam</strong></span> <span class='ocrx_word' id='word_1_381' title='bbox 2264 3895 2321 3940; x_wconf 86' lang='lat' dir='ltr'><strong>et</strong></span> <span class='ocrx_word' id='word_1_382' title='bbox 2342 3885 2697 3953; x_wconf 77' lang='lat' dir='ltr'><strong>honorarium,</strong></span> <span class='ocrx_word' id='word_1_383' title='bbox 2734 3905 2869 3962; x_wconf 87' lang='lat' dir='ltr'><strong>quae</strong></span> <span class='ocrx_word' id='word_1_384' title='bbox 2892 3883 3001 3942; x_wconf 84' lang='lat' dir='ltr'><strong>duo</strong></span> <span class='ocrx_word' id='word_1_385' title='bbox 3022 3901 3211 3957; x_wconf 83' lang='lat' dir='ltr'><strong>genera</strong></span> <span class='ocrx_word' id='word_1_386' title='bbox 3234 3881 3517 3938; x_wconf 79' lang='lat' dir='ltr'><strong>Ernestius</strong></span> 
     </span>
     <span class='ocr_line' id='line_1_35' title="bbox 491 3965 3515 4040; baseline -0 -18"><span class='ocrx_word' id='word_1_387' title='bbox 491 3979 546 4024; x_wconf 83' lang='lat' dir='ltr'><strong>st</strong></span> <span class='ocrx_word' id='word_1_388' title='bbox 581 3965 898 4026; x_wconf 81' lang='lat' dir='ltr'><strong>Garatonine</strong></span> <span class='ocrx_word' id='word_1_389' title='bbox 935 3968 1282 4040; x_wconf 75' lang='lat' dir='ltr'><strong>confundunt.</strong></span> <span class='ocrx_word' id='word_1_390' title='bbox 1355 3973 1714 4032; x_wconf 74' lang='lat' dir='ltr'><strong>Honor-arium</strong></span> <span class='ocrx_word' id='word_1_391' title='bbox 1747 3977 1890 4032; x_wconf 88' lang='lat' dir='ltr'><strong>enim</strong></span> <span class='ocrx_word' id='word_1_392' title='bbox 1925 3995 2032 4030; x_wconf 90' lang='lat' dir='ltr'><strong>non</strong></span> <span class='ocrx_word' id='word_1_393' title='bbox 2068 3972 2231 4030; x_wconf 87' lang='lat' dir='ltr'><strong>modo</strong></span> <span class='ocrx_word' id='word_1_394' title='bbox 2268 3973 2587 4031; x_wconf 74' lang='lat' dir='ltr'><strong>frumentum</strong></span> <span class='ocrx_word' id='word_1_395' title='bbox 2632 3974 2731 4032; x_wconf 86' lang='lat' dir='ltr'><strong>sed</strong></span> <span class='ocrx_word' id='word_1_396' title='bbox 2773 3977 2929 4030; x_wconf 86' lang='lat' dir='ltr'><strong>etiam</strong></span> <span class='ocrx_word' id='word_1_397' title='bbox 2967 3975 3149 4029; x_wconf 80' lang='lat' dir='ltr'><strong>vinum</strong></span> <span class='ocrx_word' id='word_1_398' title='bbox 3184 3970 3389 4026; x_wconf 85' lang='lat' dir='ltr'><strong>muneri</strong></span> <span class='ocrx_word' id='word_1_399' title='bbox 3423 3967 3515 4023; x_wconf 73' lang='lat' dir='ltr'><strong>da-</strong></span> 
     </span>
     <span class='ocr_line' id='line_1_36' title="bbox 495 4055 3515 4138; baseline 0.001 -28"><span class='ocrx_word' id='word_1_400' title='bbox 495 4055 621 4111; x_wconf 81' lang='lat' dir='ltr'><strong>bant</strong></span> <span class='ocrx_word' id='word_1_401' title='bbox 655 4060 808 4124; x_wconf 87' lang='lat' dir='ltr'><strong>socii,</strong></span> <span class='ocrx_word' id='word_1_402' title='bbox 843 4077 1014 4136; x_wconf 85' lang='lat' dir='ltr'><strong>neque</strong></span> <span class='ocrx_word' id='word_1_403' title='bbox 1050 4057 1224 4116; x_wconf 88' lang='lat' dir='ltr'><strong>solum</strong></span> <span class='ocrx_word' id='word_1_404' title='bbox 1261 4065 1494 4136; x_wconf 81' lang='lat' dir='ltr'><strong>praetori</strong></span> <span class='ocrx_word' id='word_1_405' title='bbox 1529 4061 1624 4118; x_wconf 87' lang='lat' dir='ltr'><strong>sed</strong></span> <span class='ocrx_word' id='word_1_406' title='bbox 1662 4065 1818 4120; x_wconf 86' lang='lat' dir='ltr'><strong>etiam</strong></span> <span class='ocrx_word' id='word_1_407' title='bbox 1856 4063 1974 4118; x_wconf 86' lang='lat' dir='ltr'><strong>aliis</strong></span> <span class='ocrx_word' id='word_1_408' title='bbox 2002 4064 2130 4118; x_wconf 81' lang='lat' dir='ltr'><strong>viris</strong></span> <span class='ocrx_word' id='word_1_409' title='bbox 2158 4061 2457 4126; x_wconf 87' lang='lat' dir='ltr'><strong>nobilibus;</strong></span> <span class='ocrx_word' id='word_1_410' title='bbox 2492 4060 2549 4116; x_wconf 91' lang='lat' dir='ltr'><strong>id</strong></span> <span class='ocrx_word' id='word_1_411' title='bbox 2574 4061 2720 4138; x_wconf 90' lang='lat' dir='ltr'><strong>quod</strong></span> <span class='ocrx_word' id='word_1_412' title='bbox 2748 4061 2898 4118; x_wconf 73' lang='lat' dir='ltr'><strong>facile</strong></span> <span class='ocrx_word' id='word_1_413' title='bbox 2923 4060 3188 4136; x_wconf 82' lang='lat' dir='ltr'><strong>colligitur</strong></span> <span class='ocrx_word' id='word_1_414' title='bbox 3212 4079 3277 4116; x_wconf 84' lang='lat' dir='ltr'><strong>ex</strong></span> <span class='ocrx_word' id='word_1_415' title='bbox 3302 4055 3515 4114; x_wconf 85' lang='lat' dir='ltr'><strong>duobus</strong></span> 
     </span>
     <span class='ocr_line' id='line_1_37' title="bbox 492 4145 3514 4227; baseline -0 -26"><span class='ocrx_word' id='word_1_416' title='bbox 492 4145 642 4212; x_wconf 87' lang='lat' dir='ltr'><strong>locis,</strong></span> <span class='ocrx_word' id='word_1_417' title='bbox 679 4145 846 4200; x_wconf 88' lang='lat' dir='ltr'><strong>altero</strong></span> <span class='ocrx_word' id='word_1_418' title='bbox 885 4145 1162 4204; x_wconf 87' lang='lat' dir='ltr'><strong>Ciceronis</strong></span> <span class='ocrx_word' id='word_1_419' title='bbox 1207 4150 1264 4204; x_wconf 90' lang='lat' dir='ltr'><strong>in</strong></span> <span class='ocrx_word' id='word_1_420' title='bbox 1301 4145 1409 4205; x_wconf 87' lang='lat' dir='ltr'><strong>Pis.</strong></span> <span class='ocrx_word' id='word_1_421' title='bbox 1434 4153 1504 4206; x_wconf 84' lang='lat'><strong>35</strong></span> <span class='ocrx_word' id='word_1_422' title='bbox 1538 4169 1647 4226; x_wconf 76' lang='lat' dir='ltr'><strong>quo</strong></span> <span class='ocrx_word' id='word_1_423' title='bbox 1696 4152 1748 4206; x_wconf 81' lang='lat' dir='ltr'><strong>vi</strong></span> <span class='ocrx_word' id='word_1_424' title='bbox 1788 4160 1876 4206; x_wconf 82' lang='lat' dir='ltr'><strong>aut</strong></span> <span class='ocrx_word' id='word_1_425' title='bbox 1920 4159 2062 4206; x_wconf 82' lang='lat' dir='ltr'><strong>metu</strong></span> <span class='ocrx_word' id='word_1_426' title='bbox 2110 4159 2376 4206; x_wconf 86' lang='lat' dir='ltr'><strong>extortum</strong></span> <span class='ocrx_word' id='word_1_427' title='bbox 2413 4150 2753 4206; x_wconf 87' lang='lat' dir='ltr'><strong>honorarium</strong></span> <span class='ocrx_word' id='word_1_428' title='bbox 2789 4153 3046 4206; x_wconf 85' lang='lat' dir='ltr'><strong>nominari</strong></span> <span class='ocrx_word' id='word_1_429' title='bbox 3083 4169 3244 4227; x_wconf 85' lang='lat' dir='ltr'><strong>posse</strong></span> <span class='ocrx_word' id='word_1_430' title='bbox 3277 4155 3514 4218; x_wconf 85' lang='lat' dir='ltr'><strong>negatur,</strong></span> 
     </span>
     <span class='ocr_line' id='line_1_38' title="bbox 491 4229 3513 4316; baseline 0 -28"><span class='ocrx_word' id='word_1_431' title='bbox 491 4231 656 4290; x_wconf 88' lang='lat' dir='ltr'><strong>altero</strong></span> <span class='ocrx_word' id='word_1_432' title='bbox 695 4229 916 4288; x_wconf 87' lang='lat' dir='ltr'><strong>Catonis</strong></span> <span class='ocrx_word' id='word_1_433' title='bbox 953 4234 1093 4312; x_wconf 86' lang='lat' dir='ltr'><strong>apud</strong></span> <span class='ocrx_word' id='word_1_434' title='bbox 1129 4235 1258 4294; x_wconf 86' lang='lat' dir='ltr'><strong>lsid.</strong></span> <span class='ocrx_word' id='word_1_435' title='bbox 1295 4235 1445 4314; x_wconf 79' lang='lat' dir='ltr'><strong>Orig.</strong></span> <span class='ocrx_word' id='word_1_436' title='bbox 1482 4243 1571 4307; x_wconf 84' lang='lat'><strong>20,</strong></span> <span class='ocrx_word' id='word_1_437' title='bbox 1595 4241 1648 4308; x_wconf 84' lang='lat'><strong>3,</strong></span> <span class='ocrx_word' id='word_1_438' title='bbox 1686 4258 1792 4316; x_wconf 89' lang='lat' dir='ltr'><strong>quo</strong></span> <span class='ocrx_word' id='word_1_439' title='bbox 1817 4237 1952 4296; x_wconf 85' lang='lat' dir='ltr'><strong>Cato</strong></span> <span class='ocrx_word' id='word_1_440' title='bbox 1989 4237 2247 4314; x_wconf 82' lang='lat' dir='ltr'><strong>gloriatur</strong></span> <span class='ocrx_word' id='word_1_441' title='bbox 2280 4256 2339 4294; x_wconf 88' lang='lat' dir='ltr'><strong>se</strong></span> <span class='ocrx_word' id='word_1_442' title='bbox 2374 4259 2657 4316; x_wconf 86' lang='lat' dir='ltr'><strong>nunquam,</strong></span> <span class='ocrx_word' id='word_1_443' title='bbox 2694 4258 2760 4294; x_wconf 91' lang='lat' dir='ltr'><strong>ne</strong></span> <span class='ocrx_word' id='word_1_444' title='bbox 2785 4241 3043 4315; x_wconf 81' lang='lat' dir='ltr'><strong>privatum</strong></span> <span class='ocrx_word' id='word_1_445' title='bbox 3070 4238 3297 4314; x_wconf 89' lang='lat' dir='ltr'><strong>quidem,</strong></span> <span class='ocrx_word' id='word_1_446' title='bbox 3334 4235 3513 4290; x_wconf 80' lang='lat' dir='ltr'><strong>vinum</strong></span> 
     </span>
     <span class='ocr_line' id='line_1_39' title="bbox 489 4320 1149 4399; baseline 0.008 -22"><span class='ocrx_word' id='word_1_447' title='bbox 489 4320 828 4378; x_wconf 82' lang='lat' dir='ltr'><strong>honorarium</strong></span> <span class='ocrx_word' id='word_1_448' title='bbox 861 4326 1149 4399; x_wconf 87' lang='lat' dir='ltr'><strong>accepisse.</strong></span> 
     </span>
    </p>

    <p class='ocr_par' dir='ltr' id='par_1_9' title="bbox 363 4406 3511 4586">
     <span class='ocr_line' id='line_1_40' title="bbox 363 4406 3511 4496; baseline 0 -28"><span class='ocrx_word' id='word_1_449' title='bbox 363 4410 449 4476; x_wconf 81' lang='lat'><strong>⁴²)</strong></span> <span class='ocrx_word' id='word_1_450' title='bbox 501 4406 682 4482; x_wconf 72' lang='lat' dir='ltr'><strong>[gnon-o</strong></span> <span class='ocrx_word' id='word_1_451' title='bbox 719 4408 968 4486; x_wconf 82' lang='lat' dir='ltr'><strong>equidem</strong></span> <span class='ocrx_word' id='word_1_452' title='bbox 1002 4415 1236 4483; x_wconf 77' lang='lat' dir='ltr'><strong>minine,</strong></span> <span class='ocrx_word' id='word_1_453' title='bbox 1272 4412 1495 4472; x_wconf 80' lang='lat' dir='ltr'><strong>Verrem</strong></span> <span class='ocrx_word' id='word_1_454' title='bbox 1531 4420 1672 4476; x_wconf 66' lang='lat' dir='ltr'><strong>em</strong></span> <span class='ocrx_word' id='word_1_455' title='bbox 1709 4417 1816 4475; x_wconf 82' lang='lat' dir='ltr'><strong>dici</strong></span> <span class='ocrx_word' id='word_1_456' title='bbox 1849 4417 1976 4496; x_wconf 85' lang='lat' dir='ltr'><strong>plus</strong></span> <span class='ocrx_word' id='word_1_457' title='bbox 2021 4419 2363 4495; x_wconf 77' lang='lat' dir='ltr'><strong>imperavisse</strong></span> <span class='ocrx_word' id='word_1_458' title='bbox 2406 4435 2565 4494; x_wconf 83' lang='lat' dir='ltr'><strong>quam</strong></span> <span class='ocrx_word' id='word_1_459' title='bbox 2600 4418 2651 4473; x_wconf 81' lang='lat' dir='ltr'><strong>ei</strong></span> <span class='ocrx_word' id='word_1_460' title='bbox 2682 4414 2865 4491; x_wconf 79' lang='lat' dir='ltr'><strong>legib</strong></span> <span class='ocrx_word' id='word_1_461' title='bbox 2879 4433 2955 4472; x_wconf 82' lang='lat' dir='ltr'><strong>us</strong></span> <span class='ocrx_word' id='word_1_462' title='bbox 2996 4421 3141 4468; x_wconf 85' lang='lat' dir='ltr'><strong>esset</strong></span> <span class='ocrx_word' id='word_1_463' title='bbox 3175 4429 3511 4479; x_wconf 79' lang='lat' dir='ltr'><strong>concessum3</strong></span> 
     </span>
     <span class='ocr_line' id='line_1_41' title="bbox 496 4495 3420 4586; baseline 0.001 -33"><span class='ocrx_word' id='word_1_464' title='bbox 496 4495 596 4553; x_wconf 85' lang='lat' dir='ltr'><strong>sed</strong></span> <span class='ocrx_word' id='word_1_465' title='bbox 627 4498 836 4572; x_wconf 81' lang='lat' dir='ltr'><strong>legibus</strong></span> <span class='ocrx_word' id='word_1_466' title='bbox 873 4508 1082 4557; x_wconf 85' lang='lat' dir='ltr'><strong>cautum</strong></span> <span class='ocrx_word' id='word_1_467' title='bbox 1119 4500 1286 4558; x_wconf 76' lang='lat' dir='ltr'><strong>fuisse</strong></span> <span class='ocrx_word' id='word_1_468' title='bbox 1322 4523 1534 4574; x_wconf 86' lang='lat' dir='ltr'><strong>censeo,</strong></span> <span class='ocrx_word' id='word_1_469' title='bbox 1569 4526 1638 4562; x_wconf 89' lang='lat' dir='ltr'><strong>ne</strong></span> <span class='ocrx_word' id='word_1_470' title='bbox 1671 4517 1886 4584; x_wconf 88' lang='lat' dir='ltr'><strong>praetor</strong></span> <span class='ocrx_word' id='word_1_471' title='bbox 1921 4507 2046 4586; x_wconf 82' lang='lat' dir='ltr'><strong>plus</strong></span> <span class='ocrx_word' id='word_1_472' title='bbox 2080 4516 2315 4564; x_wconf 84' lang='lat' dir='ltr'><strong>sumeret</strong></span> <span class='ocrx_word' id='word_1_473' title='bbox 2348 4526 2505 4584; x_wconf 82' lang='lat' dir='ltr'><strong>quam</strong></span> <span class='ocrx_word' id='word_1_474' title='bbox 2542 4515 2797 4581; x_wconf 85' lang='lat' dir='ltr'><strong>quantum</strong></span> <span class='ocrx_word' id='word_1_475' title='bbox 2832 4510 3045 4561; x_wconf 86' lang='lat' dir='ltr'><strong>senatus</strong></span> <span class='ocrx_word' id='word_1_476' title='bbox 3084 4501 3420 4558; x_wconf 84' lang='lat' dir='ltr'><strong>decrevisset.</strong></span> 
     </span>
    </p>

    <p class='ocr_par' dir='ltr' id='par_1_10' title="bbox 364 4585 3513 5029">
     <span class='ocr_line' id='line_1_42' title="bbox 364 4585 3511 4671; baseline 0.003 -33"><span class='ocrx_word' id='word_1_477' title='bbox 364 4585 458 4654; x_wconf 78' lang='lat'><strong>⁴⁸)</strong></span> <span class='ocrx_word' id='word_1_478' title='bbox 501 4585 552 4640; x_wconf 80' lang='lat' dir='ltr'>A</span> <span class='ocrx_word' id='word_1_479' title='bbox 588 4597 797 4654; x_wconf 80' lang='lat' dir='ltr'><strong>senatu,</strong></span> <span class='ocrx_word' id='word_1_480' title='bbox 844 4607 953 4644; x_wconf 86' lang='lat' dir='ltr'><strong>non</strong></span> <span class='ocrx_word' id='word_1_481' title='bbox 1002 4587 1116 4663; x_wconf 84' lang='lat' dir='ltr'><strong>lege</strong></span> <span class='ocrx_word' id='word_1_482' title='bbox 1151 4595 1482 4652; x_wconf 86' lang='lat' dir='ltr'><strong>aestimatum</strong></span> <span class='ocrx_word' id='word_1_483' title='bbox 1518 4615 1636 4652; x_wconf 84' lang='lat' dir='ltr'><strong>esee</strong></span> <span class='ocrx_word' id='word_1_484' title='bbox 1674 4595 1992 4654; x_wconf 75' lang='lat' dir='ltr'><strong>frumentum</strong></span> <span class='ocrx_word' id='word_1_485' title='bbox 2029 4600 2084 4652; x_wconf 92' lang='lat' dir='ltr'><strong>in</strong></span> <span class='ocrx_word' id='word_1_486' title='bbox 2123 4596 2338 4665; x_wconf 86' lang='lat' dir='ltr'><strong>cellam,</strong></span> <span class='ocrx_word' id='word_1_487' title='bbox 2390 4593 2583 4650; x_wconf 85' lang='lat' dir='ltr'><strong>Cicero</strong></span> <span class='ocrx_word' id='word_1_488' title='bbox 2627 4596 2744 4671; x_wconf 85' lang='lat' dir='ltr'><strong>ipse</strong></span> <span class='ocrx_word' id='word_1_489' title='bbox 2788 4589 2951 4650; x_wconf 80' lang='lat' dir='ltr'><strong>tradit</strong></span> <span class='ocrx_word' id='word_1_490' title='bbox 2984 4609 3031 4648; x_wconf 89' lang='lat' dir='ltr'><strong>e.</strong></span> <span class='ocrx_word' id='word_1_491' title='bbox 3054 4593 3141 4649; x_wconf 78' lang='lat'><strong>85.</strong></span> <span class='ocrx_word' id='word_1_492' title='bbox 3210 4588 3397 4666; x_wconf 86' lang='lat' dir='ltr'><strong>Neque</strong></span> <span class='ocrx_word' id='word_1_493' title='bbox 3432 4611 3511 4646; x_wconf 81' lang='lat' dir='ltr'><strong>re·</strong></span> 
     </span>
     <span class='ocr_line' id='line_1_43' title="bbox 495 4675 3513 4757; baseline 0.002 -24"><span class='ocrx_word' id='word_1_494' title='bbox 495 4682 694 4748; x_wconf 73' lang='lat' dir='ltr'><strong>pugnat</strong></span> <span class='ocrx_word' id='word_1_495' title='bbox 727 4675 870 4747; x_wconf 82' lang='lat' dir='ltr'><strong>quod</strong></span> <span class='ocrx_word' id='word_1_496' title='bbox 909 4675 1230 4736; x_wconf 75' lang='lat' dir='ltr'><strong>frumentum</strong></span> <span class='ocrx_word' id='word_1_497' title='bbox 1265 4701 1332 4736; x_wconf 73' lang='lat' dir='ltr'><strong>ex</strong></span> <span class='ocrx_word' id='word_1_498' title='bbox 1365 4681 1482 4757; x_wconf 75' lang='lat' dir='ltr'><strong>lege</strong></span> <span class='ocrx_word' id='word_1_499' title='bbox 1514 4679 1761 4741; x_wconf 82' lang='lat' dir='ltr'><strong>Terentia</strong></span> <span class='ocrx_word' id='word_1_500' title='bbox 1795 4693 1852 4740; x_wconf 78' lang='lat' dir='ltr'><strong>et</strong></span> <span class='ocrx_word' id='word_1_501' title='bbox 1873 4683 2060 4742; x_wconf 85' lang='lat' dir='ltr'><strong>Cassia</strong></span> <span class='ocrx_word' id='word_1_502' title='bbox 2084 4683 2241 4742; x_wconf 84' lang='lat' dir='ltr'><strong>Verri</strong></span> <span class='ocrx_word' id='word_1_503' title='bbox 2276 4689 2333 4740; x_wconf 85' lang='lat' dir='ltr'><strong>iu</strong></span> <span class='ocrx_word' id='word_1_504' title='bbox 2354 4681 2539 4740; x_wconf 81' lang='lat' dir='ltr'><strong>Sicilia</strong></span> <span class='ocrx_word' id='word_1_505' title='bbox 2572 4682 2849 4740; x_wconf 72' lang='lat' dir='ltr'><strong>emendu-</strong></span> <span class='ocrx_word' id='word_1_506' title='bbox 2883 4681 2999 4756; x_wconf 84' lang='lat' dir='ltr'><strong>ipaa</strong></span> <span class='ocrx_word' id='word_1_507' title='bbox 3036 4679 3151 4753; x_wconf 79' lang='lat' dir='ltr'><strong>lege</strong></span> <span class='ocrx_word' id='word_1_508' title='bbox 3184 4682 3513 4738; x_wconf 81' lang='lat' dir='ltr'><strong>aestimatum</strong></span> 
     </span>
     <span class='ocr_line' id='line_1_44' title="bbox 495 4765 3511 4850; baseline 0.004 -36"><span class='ocrx_word' id='word_1_509' title='bbox 495 4770 598 4828; x_wconf 77' lang='lat' dir='ltr'><strong>est,</strong></span> <span class='ocrx_word' id='word_1_510' title='bbox 631 4779 682 4816; x_wconf 78' lang='lat' dir='ltr'><strong>v.</strong></span> <span class='ocrx_word' id='word_1_511' title='bbox 705 4779 751 4816; x_wconf 91' lang='lat' dir='ltr'><strong>c.</strong></span> <span class='ocrx_word' id='word_1_512' title='bbox 778 4765 872 4828; x_wconf 67' lang='lat'><strong>753</strong></span> <span class='ocrx_word' id='word_1_513' title='bbox 907 4766 1078 4824; x_wconf 81' lang='lat' dir='ltr'><strong>multo</strong></span> <span class='ocrx_word' id='word_1_514' title='bbox 1113 4771 1254 4826; x_wconf 83' lang='lat' dir='ltr'><strong>euim</strong></span> <span class='ocrx_word' id='word_1_515' title='bbox 1291 4769 1500 4828; x_wconf 77' lang='lat' dir='ltr'><strong>facilins</strong></span> <span class='ocrx_word' id='word_1_516' title='bbox 1535 4781 1650 4829; x_wconf 78' lang='lat' dir='ltr'><strong>erat</strong></span> <span class='ocrx_word' id='word_1_517' title='bbox 1683 4773 1958 4830; x_wconf 77' lang='lat' dir='ltr'><strong>tolerabile</strong></span> <span class='ocrx_word' id='word_1_518' title='bbox 1993 4776 2223 4850; x_wconf 81' lang='lat' dir='ltr'><strong>pretium</strong></span> <span class='ocrx_word' id='word_1_519' title='bbox 2261 4775 2585 4830; x_wconf 82' lang='lat' dir='ltr'><strong>constituere</strong></span> <span class='ocrx_word' id='word_1_520' title='bbox 2622 4773 2671 4826; x_wconf 88' lang='lat' dir='ltr'><strong>ei</strong></span> <span class='ocrx_word' id='word_1_521' title='bbox 2696 4769 2975 4837; x_wconf 76' lang='lat' dir='ltr'><strong>frumento,</strong></span> <span class='ocrx_word' id='word_1_522' title='bbox 3012 4767 3155 4845; x_wconf 86' lang='lat' dir='ltr'><strong>quod</strong></span> <span class='ocrx_word' id='word_1_523' title='bbox 3182 4771 3238 4823; x_wconf 91' lang='lat' dir='ltr'><strong>in</strong></span> <span class='ocrx_word' id='word_1_524' title='bbox 3262 4787 3363 4825; x_wconf 88' lang='lat' dir='ltr'><strong>una</strong></span> <span class='ocrx_word' id='word_1_525' title='bbox 3388 4787 3511 4844; x_wconf 88' lang='lat' dir='ltr'><strong>pro·</strong></span> 
     </span>
     <span class='ocr_line' id='line_1_45' title="bbox 494 4851 3513 4939; baseline 0.001 -29"><span class='ocrx_word' id='word_1_526' title='bbox 494 4851 666 4905; x_wconf 76' lang='lat' dir='ltr'><strong>vinci·</strong></span> <span class='ocrx_word' id='word_1_527' title='bbox 714 4861 860 4906; x_wconf 75' lang='lat' dir='ltr'><strong>certo</strong></span> <span class='ocrx_word' id='word_1_528' title='bbox 905 4863 1144 4932; x_wconf 79' lang='lat' dir='ltr'><strong>tempore</strong></span> <span class='ocrx_word' id='word_1_529' title='bbox 1187 4867 1246 4914; x_wconf 77' lang='lat' dir='ltr'><strong>et</strong></span> <span class='ocrx_word' id='word_1_530' title='bbox 1291 4857 1414 4916; x_wconf 77' lang='lat' dir='ltr'><strong>locu</strong></span> <span class='ocrx_word' id='word_1_531' title='bbox 1447 4860 1728 4918; x_wconf 80' lang='lat' dir='ltr'><strong>emendum</strong></span> <span class='ocrx_word' id='word_1_532' title='bbox 1761 4871 1899 4931; x_wconf 79' lang='lat' dir='ltr'><strong>erat,</strong></span> <span class='ocrx_word' id='word_1_533' title='bbox 1944 4883 2102 4938; x_wconf 75' lang='lat' dir='ltr'><strong>quam</strong></span> <span class='ocrx_word' id='word_1_534' title='bbox 2143 4861 2291 4939; x_wconf 84' lang='lat' dir='ltr'><strong>quod</strong></span> <span class='ocrx_word' id='word_1_535' title='bbox 2338 4864 2395 4918; x_wconf 88' lang='lat' dir='ltr'><strong>in</strong></span> <span class='ocrx_word' id='word_1_536' title='bbox 2428 4859 2679 4918; x_wconf 81' lang='lat' dir='ltr'><strong>omnibus</strong></span> <span class='ocrx_word' id='word_1_537' title='bbox 2714 4861 2997 4932; x_wconf 78' lang='lat' dir='ltr'><strong>provinciis</strong></span> <span class='ocrx_word' id='word_1_538' title='bbox 3031 4875 3347 4934; x_wconf 84' lang='lat' dir='ltr'><strong>quocunque</strong></span> <span class='ocrx_word' id='word_1_539' title='bbox 3383 4867 3513 4914; x_wconf 86' lang='lat' dir='ltr'><strong>tem-</strong></span> 
     </span>
     <span class='ocr_line' id='line_1_46' title="bbox 495 4944 2253 5029; baseline 0.005 -28"><span class='ocrx_word' id='word_1_540' title='bbox 495 4958 629 5016; x_wconf 76' lang='lat' dir='ltr'><strong>pore</strong></span> <span class='ocrx_word' id='word_1_541' title='bbox 664 4947 722 4996; x_wconf 78' lang='lat' dir='ltr'><strong>et</strong></span> <span class='ocrx_word' id='word_1_542' title='bbox 755 4957 1123 5021; x_wconf 73' lang='lat' dir='ltr'><strong>quemcunque</strong></span> <span class='ocrx_word' id='word_1_543' title='bbox 1157 4947 1216 5002; x_wconf 86' lang='lat' dir='ltr'><strong>in</strong></span> <span class='ocrx_word' id='word_1_544' title='bbox 1249 4944 1428 5006; x_wconf 81' lang='lat' dir='ltr'><strong>locum</strong></span> <span class='ocrx_word' id='word_1_545' title='bbox 1461 4949 1622 5008; x_wconf 80' lang='lat' dir='ltr'><strong>libuit</strong></span> <span class='ocrx_word' id='word_1_546' title='bbox 1654 4951 1902 5028; x_wconf 81' lang='lat' dir='ltr'><strong>imperari</strong></span> <span class='ocrx_word' id='word_1_547' title='bbox 1935 4959 2163 5029; x_wconf 72' lang='lat' dir='ltr'><strong>poterat.</strong></span> <span class='ocrx_word' id='word_1_548' title='bbox 2248 4973 2253 4980; x_wconf 90' lang='lat'><strong>·</strong></span> 
     </span>
    </p>
   </div>
  </div>
 </body>
</html>
