4300 5475
2292 338 2409 425 12

774 564 858 629 At
899 567 1150 651 opponi
1189 568 1398 652 possit
1437 586 1513 629 ex.
1550 561 1846 631 Pseudo·
1859 562 2126 629 Asconii
2164 562 2291 629 levi
2330 563 2439 629 illa
2484 560 2765 649 quidem,
2810 584 2945 631 non
2992 572 3199 631 tamen
3240 586 3507 652 prorsus
3554 568 3931 655 negligenda

773 675 1177 752 auctoritate,
1235 675 1498 759 primum
1551 670 1870 757 depositas
1924 692 2064 734 esse
2117 680 2183 735 et
2232 670 2317 735 de
2368 680 2709 755 quaestore
2764 680 2829 735 et
2880 669 2960 735 de
3010 670 3229 759 legatis
3274 676 3591 739 sociorum
3636 675 3929 759 querelas

774 778 943 865 apud
990 790 1376 865 praetorem,
1433 775 1668 844 deinde
1713 778 1934 843 Verris
1991 776 2181 862 legati
2218 798 2453 843 nomen
2498 796 2631 843 non
2674 787 3001 863 receptum
3046 798 3185 843 esse
3230 800 3267 841 a
3310 780 3571 845 Nerone
3614 792 3931 867 praetore,

776 883 954 970 quod
999 886 1240 950 Verres
1285 882 1524 970 legatus
1569 884 1756 949 fuerit
1799 904 1932 949 non
1975 884 2253 948 Neronis
2300 882 2415 947 sed
2460 882 2866 951 Dolabellae.
2956 882 3091 949 Sed
3146 881 3321 968 quod
3365 887 3585 969 priore
3614 886 3775 951 loco
3820 887 3931 953 ille

773 988 1086 1069 admonet,
1127 989 1306 1055 nulla
1349 1011 1538 1055 causa
1583 998 1680 1055 est
1725 1008 1840 1053 cur
1883 991 2253 1055 reiiciamus.
2324 991 2781 1075 Cuiuscunque
2810 991 2977 1056 enim
3018 988 3175 1055 fidei
3204 995 3631 1076 potestatique
3674 1002 3929 1061 senatus

773 1098 1164 1183 provinciam
1212 1098 1519 1162 commisit
1565 1105 1626 1159 et
1670 1094 1966 1175 credidit,
2023 1118 2168 1161 eum
2225 1095 2429 1161 voluit
2474 1099 2795 1162 sociorum
2839 1096 3025 1161 saluti
3070 1095 3545 1183 commodisque
3590 1097 3931 1165 consulere

773 1213 836 1267 et
881 1225 994 1269 eos
1040 1204 1210 1269 omni
1257 1206 1504 1268 ratione
1551 1203 1733 1265 tueri.
1822 1202 2008 1265 Parvi
2070 1212 2278 1267 autem
2338 1224 2477 1267 cum
2520 1202 2789 1267 referret
2830 1212 2901 1267 ut
2944 1204 3389 1287 praetor-*ipse
3431 1206 3765 1289 pecuniae,
3821 1226 3932 1271 vo-

772 1306 1025 1394 luptati,
1083 1312 1360 1375 omnium
1417 1330 1628 1373 rerum
1676 1306 2004 1393 cupiditati
2051 1311 2399 1387 resisteret,
2444 1311 2565 1374 nisi
2608 1306 2775 1373 idem
2821 1307 3011 1373 fieret
3054 1331 3093 1371 a
3138 1308 3507 1387 comitibus,
3560 1313 3659 1373 ius
3702 1321 3767 1375 et
3810 1334 3933 1397 po·-

775 1422 1064 1479 testatem
1108 1416 1390 1500 praetori
1433 1435 1572 1479 esse
1619 1418 1906 1500 oportuit
1962 1412 2351 1501 prohibendi
2407 1436 2491 1481 ne
2546 1418 2595 1477 ii
2648 1416 2911 1489 comites
2968 1436 3131 1500 quos
3188 1436 3487 1481 coercere
3530 1436 3661 1481 non
3707 1426 3933 1501 posset

771 1520 840 1583 in
883 1518 1185 1584 vexandis
1231 1524 1418 1586 sociis
1463 1532 1966 1607 perseverarent.
2059 1521 2247 1607 Quae
2292 1542 2431 1587 cum
2476 1523 2565 1585 ita
2608 1531 2841 1598 essent,
2884 1542 3018 1589 non
3048 1521 3253 1587 solum
3284 1521 3521 1587 Cicero
3551 1524 3741 1587 Verri
3771 1544 3933 1608 quae

776 1624 1094 1691 Caecilius
1145 1636 1446 1711 quaestor
1487 1629 1626 1691 sine
1671 1647 1750 1691 eo
1797 1629 2195 1691 commiserat
2242 1628 2483 1691 crimini
2526 1624 2719 1703 dedit,
2766 1624 2941 1710 quod
2970 1646 3105 1691 non
3136 1626 3565 1711 prohibuisset
3594 1650 3735 1693 cum
3764 1650 3935 1695 sum-

771 1753 934 1795 mam
975 1734 1112 1816 ipse
1157 1731 1476 1797 habuisset
1523 1742 1926 1819 potestatem,
1969 1731 2085 1797 sed
2129 1733 2308 1798 multi
2354 1734 2539 1799 etiam
2583 1742 2913 1818 praetores
2958 1753 3099 1797 cum
3139 1733 3499 1816 praefectos
3528 1744 3593 1799 et
3624 1735 3933 1815 tribunos,

771 1848 904 1901 tum
951 1849 1319 1923 quaestores
1365 1849 1428 1903 et
1471 1837 1712 1925 legatos
1757 1860 1910 1906 suos
1955 1842 2187 1905 missos
2246 1840 2535 1904 fecerunt
2592 1848 2655 1903 et
2710 1837 2791 1902 de
2846 1840 3175 1923 provincia
3231 1836 3546 1903 decedere
3596 1842 3933 1921 iusserunt,

774 1942 950 2029 quod
997 1944 1248 2011 illorum
1295 1944 1484 2031 culpa
1530 1966 1600 2009 se
1645 1947 1852 2011 minus
1901 1944 2235 2011 commode
2280 1944 2501 2011 audire
2546 1943 3001 2009 arbitrarentur
3056 1956 3164 2010 aut
3226 1943 3401 2030 quod
3448 1967 3713 2031 peccare
3756 1950 3933 2033 ipsos

773 2050 982 2136 aliqua
1024 2052 1090 2115 in
1136 2072 1206 2115 re
1249 2049 1602 2115 iudicarent
1622 2052 1718 2133 ⁴²).
1807 2048 1910 2113 Ad
1957 2060 2311 2136 praetorem
2362 2053 2548 2137 igitur
2592 2054 2773 2115 etiam
2821 2049 2903 2115 de
2948 2062 3289 2134 quaestore
3330 2052 3677 2136 legatisque
3721 2057 3934 2137 queri-

771 2159 1024 2221 moniae
1071 2160 1258 2221 sociis
1307 2156 1698 2222 deferendae
1743 2164 1956 2234 erant,
2005 2159 2259 2241 quoties
2303 2155 2677 2242 propulsare
2722 2159 2939 2242 potius
2986 2178 3169 2241 quam
3217 2157 3435 2224 ulcisci
3478 2157 3793 2223 malebant
3836 2162 3935 2225 in-

770 2264 980 2327 iurias.
1073 2264 1304 2348 Neque
1351 2262 1524 2328 aliud
1571 2266 1906 2348 quicquam
1965 2272 2233 2348 egerunt
2276 2266 2711 2348 cogitaruntve
2758 2262 3023 2346 Bithyni
3066 2261 3239 2347 apud
3282 2264 3729 2349 proconsulem
3776 2286 3935 2351 que-

769 2380 984 2435 rentes
1032 2368 1114 2433 de
1155 2370 1400 2434 iniuriis
1448 2370 1654 2455 Oppii
1701 2371 2082 2455 quaestoris;
2139 2369 2399 2455 Oppius
2456 2371 2622 2434 enim
2668 2388 2703 2433 a
2748 2368 3138 2454 proconsule
3185 2366 3487 2436 dimissus·
3518 2382 3583 2435 et
3628 2370 3933 2457 deinceps

771 2498 846 2540 ex
893 2474 1176 2540 eiusdem
1221 2475 1418 2539 literis
1447 2476 1688 2539 Romae
1731 2473 2221 2561 repetundarum
2269 2484 2599 2539 aecusatus
2644 2485 2741 2539 est
2760 2475 2859 2558 ⁴³).
2933 2476 3065 2539 Iam
3108 2474 3214 2539 illa
3258 2496 3391 2540 non
3420 2475 3668 2561 longam
3700 2482 3934 2543 oratio-

769 2602 917 2647 nem
965 2580 1347 2660 desiderant‚
1395 2580 1806 2666 quamobrem
1849 2578 2105 2645 alteram
2149 2579 2321 2645 illius
2364 2582 2625 2645 Asconii
2680 2584 3054 2652 sententiam
3097 2580 3505 2646 reiiciendam
3548 2604 3685 2647 esse
3730 2585 3937 2649 existi-

771 2709 1029 2754 memus.
1128 2689 1361 2754 Verres
1406 2690 1472 2752 in
1515 2689 1767 2766 itinere,
1823 2685 2002 2773 quod
2047 2686 2271 2752 habuit
2314 2689 2379 2753 in
2426 2684 2715 2753 Ciliciam
2756 2684 2838 2751 ad
2882 2685 3289 2754 Dolabellam
3332 2708 3517 2754 suum
3558 2697 3937 2774 praetorem,

769 2795 982 2858 fanum
1027 2794 1292 2860 Iunonis
1337 2793 1582 2858 Samiae
1625 2797 2002 2880 expugnavit
2045 2804 2114 2858 et
2173 2793 2487 2879 spoliavit.
2571 2793 2683 2870 De,
2726 2816 2851 2879 qua
2892 2816 2963 2860 re
3008 2796 3117 2879 qui
3160 2805 3449 2886 questum
3492 2805 3807 2862 venerunt
3850 2795 3935 2860 ad

769 2901 1098 2968 Neronem
1145 2900 1334 2965 Asiae
1379 2911 1740 2985 praetorem
1785 2899 2009 2986 legati,
2063 2903 2120 2964 si
2162 2899 2230 2965 id
2276 2902 2553 2984 egissent
2594 2909 2667 2964 ut
2710 2902 2953 2966 Verres
3008 2923 3085 2966 ex
3126 2903 3457 2986 provincia
3504 2900 3931 2980 dimitteretur,

769 3027 854 3070 ne
900 3016 1126 3092 postea
1171 3005 1296 3070 sibi
1341 3005 1632 3070 damnum
1678 3005 1917 3070 inferre
1976 3018 2225 3092 posset,
2280 3001 2609 3072 reiiciendi
2664 3005 2921 3072 fuerunt
2974 3005 3055 3071 ad
3100 3005 3534 3085 Dolabellam,
3586 3030 3731 3072 nam
3776 3009 3931 3088 eius,

770 3133 906 3178 non
965 3113 1244 3178 Neronis
1303 3112 1540 3199 legatus
1597 3111 1716 3178 tuit
1772 3114 2038 3188 Verres3
2095 3115 2149 3176 si
2206 3133 2360 3176 vero
2419 3109 2715 3176 damnum
2778 3110 2903 3177 sibi
2966 3117 3215 3178 restitui
3280 3112 3649 3190 voluerunt,
3718 3133 3931 3200 neque

771 3217 962 3298 aliud,
1007 3239 1148 3282 cum
1193 3221 1432 3284 Verres
1479 3217 1744 3284 Ciliciae
1787 3217 2032 3305 legatus
2077 3228 2260 3296 esset,
2306 3220 2372 3284 in
2418 3239 2497 3283 eo
2544 3216 2907 3284 accusando
2940 3230 3229 3304 spectare
3258 3229 3619 3305 potuerunt,
3664 3221 3931 3286 Romam

769 3329 846 3390 iis
894 3324 1190 3409 querelae
1235 3323 1619 3390 deferendae
1663 3325 1936 3403 fuerunt,
1981 3323 2413 3410 cognoscendi
2456 3326 2621 3388 enim
2670 3322 2753 3388 de
2798 3324 3005 3410 legato
3036 3325 3263 3410 populi
3292 3328 3563 3392 Romani
3592 3328 3701 3392 ius.
3720 3347 3931 3410 nequo

772 3433 1048 3497 Neronis
1097 3441 1230 3495 erat
1273 3451 1484 3514 neque
1525 3429 1926 3496 Dolabellae.

948 3538 1248 3620 Denique
1305 3557 1383 3600 ex
1422 3553 1496 3600 re
1536 3534 1789 3602 videtur
1836 3536 2016 3614 haec,
2079 3558 2245 3621 quae
2303 3535 2384 3600 ad
2446 3535 2702 3601 fratrem
2748 3536 2935 3601 Asiae
2980 3547 3338 3622 praetorem
3392 3539 3643 3623 scripsit
3696 3537 3817 3616 (ΙΙ,
3852 3543 3927 3621 1)

777 3639 1028 3722 Cicero,
1075 3641 1333 3706 afferre:
1387 3637 1471 3706 Si
1505 3641 1654 3730 quis
1703 3641 1970 3728 (legatos
2018 3642 2171 3707 dicit
2216 3654 2322 3706 aut
2370 3647 2799 3728 quaestorem)
2836 3639 2893 3728 s
2883 3650 3031 3708 orte
3074 3651 3255 3708 esset
3296 3640 3655 3722 sordidior,
3696 3641 3929 3729 ferres

777 3755 1088 3828 eatenus,
1145 3743 1382 3837 quoad
1421 3769 1557 3834 per
1609 3769 1688 3813 se
1741 3748 2113 3838 negligeret
2168 3771 2289 3833 eas
2338 3745 2517 3836 leges
2563 3743 2803 3837 quibus
2852 3755 3035 3812 esset
3076 3745 3485 3826 adstrictus,
3541 3771 3679 3816 non
3722 3759 3799 3816 ut
3845 3774 3933 3818 ea

767 3859 1142 3940 potestate,
1175 3875 1404 3943 quam
1461 3861 1534 3918 tu
1595 3852 1693 3919 ad
1745 3853 2150 3945 dignitatem
2198 3850 2669 3942 permisisses,
2744 3849 2845 3916 od
2899 3861 3261 3942 quaestum
3327 3847 3628 3920 uteretur
3626 3903 3925 3922 .......

785 3955 980 4045 Quos
1038 3979 1194 4024 vero
1251 3968 1375 4026 aut
1425 3981 1518 4026 ex
1575 3958 1959 4027 domesticis
2019 3956 2545 4026 convictionibus
2608 3967 2733 4024 aut
2780 3979 2875 4026 ea:
2920 3958 3329 4026 necessariis
3378 3959 3925 4047 apparitionibus

777 4071 1000 4128 tecum
1046 4084 1198 4127 esse
1239 4063 1532 4148 volm'sti,
1575 4066 1697 4156 qui
1733 4066 1940 4155 quasi
1977 4087 2070 4131 ea:
2117 4062 2387 4132 cohorte
2422 4063 2781 4152 pmetoria
2826 4063 3176 4153 appellari
3210 4062 3462 4144 solent,
3508 4063 3751 4132 horum
3790 4088 3927 4133 non

777 4167 976 4234 modo
1024 4167 1236 4256 facta
1289 4170 1418 4235 sed
1467 4170 1675 4237 etiam
1733 4169 1917 4237 dicto
1973 4169 2205 4236 omnio
2254 4168 2688 4256 praestanda
2744 4169 2938 4237 nobis
3001 4177 3177 4236 sunt.
3266 4169 3401 4254 Qui
3445 4170 3627 4236 locus
3672 4173 3927 4257 insignis

777 4293 912 4340 non
957 4274 1162 4340 solum
1206 4274 1392 4340 firmo
1439 4289 1806 4363 argumento
1852 4288 1948 4342 est
1990 4286 2246 4341 nostrae
2293 4279 2654 4355 sententiae,
2700 4275 2813 4341 sed
2847 4279 3029 4341 etiam
3060 4277 3213 4338 novi
3244 4275 3484 4361 aliquid
3514 4276 3714 4354 affert,
3748 4277 3926 4361 quod

775 4379 1038 4446 multum
1082 4381 1268 4446 faciat
1311 4379 1394 4445 ad
1437 4404 1570 4448 rem
1623 4382 1846 4450 melius
1897 4380 2423 4469 cognoscendam.
2512 4383 2675 4448 Nam
2730 4403 2807 4446 ex
2860 4405 2939 4448 eo
2990 4380 3412 4466 probabiliter
3464 4390 3683 4466 potest
3738 4383 3927 4464 effici,

779 4488 965 4552 etiam
1020 4485 1260 4572 legatos
1317 4497 1382 4553 et
1435 4499 1836 4573 quaestorem
1892 4491 2177 4574 praetori
2230 4486 2649 4574 praestandos
2706 4488 2929 4566 fuisse,
2987 4490 3040 4552 si
3086 4487 3240 4573 quid
3284 4489 3353 4550 in
3395 4488 3470 4548 iis
3516 4484 3928 4580 deliquissent

777 4614 943 4679 quae
988 4602 1248 4678 praetor
1288 4598 1430 4680 ipse
1472 4597 1548 4659 iis
1595 4598 2023 4660 commisisset.
2102 4592 2229 4661 Cui
2274 4595 2619 4658 sententiae
2662 4613 2889 4679 magno
2934 4603 3300 4680 argumento
3342 4603 3455 4670 est,
3502 4593 3677 4678 quod
3724 4595 3925 4662 Dola-

785 4841 873 4906 ⁴⁸)
925 4837 1040 4896 Cic.
1079 4838 1185 4895 div.
1221 4839 1276 4894 in
1312 4834 1509 4896 Caecil.
1548 4842 1612 4894 11
1651 4848 1704 4895 et
1741 4840 1794 4894 in
1832 4838 1983 4898 Ver-r.
2021 4840 2111 4905 111,
2135 4843 2221 4898 58.

783 4928 875 4998 ⁴⁸)
921 4925 1028 4984 Dio
1069 4925 1288 4984 Cassius
1321 4925 1573 4995 mvl,
1596 4931 1683 4998 23,
1719 4927 1974 5004 Quinctil.
2009 4928 2188 4999 V‚-13.
