<?xml version="1.0" encoding="UTF-8"?>
<!DOCTYPE html PUBLIC "-//W3C//DTD XHTML 1.0 Transitional//EN"
    "http://www.w3.org/TR/xhtml1/DTD/xhtml1-transitional.dtd">
<html xmlns="http://www.w3.org/1999/xhtml" xml:lang="en" lang="en">
 <head>
  <title>
</title>
<meta http-equiv="Content-Type" content="text/html;charset=utf-8" />
  <meta name='ocr-system' content='tesseract 3.04.00' />
  <meta name='ocr-capabilities' content='ocr_page ocr_carea ocr_par ocr_line ocrx_word'/>
</head>
<body>
  <div class='ocr_page' id='page_1' title='image "./deprovincialisu00hofmgoog_0014.png"; bbox 0 0 4300 5475; ppageno 0'>
   <div class='ocr_carea' id='block_1_1' title="bbox 2315 360 2431 448">
    <p class='ocr_par' dir='ltr' id='par_1_1' title="bbox 2315 360 2431 448">
     <span class='ocr_line' id='line_1_1' title="bbox 2315 360 2431 448; baseline -0.009 0"><span class='ocrx_word' id='word_1_1' title='bbox 2315 360 2431 448; x_wconf 90' lang='grc'><strong>10</strong></span> 
     </span>
    </p>
   </div>
   <div class='ocr_carea' id='block_1_2' title="bbox 2226 483 2535 495">
    <p class='ocr_par' dir='ltr' id='par_1_2' title="bbox 2226 483 2535 495">
     <span class='ocr_line' id='line_1_2' title="bbox 2226 483 2535 495; baseline 0 4980"><span class='ocrx_word' id='word_1_2' title='bbox 2226 483 2535 495; x_wconf 95' lang='lat' dir='ltr'><strong> </strong></span> 
     </span>
    </p>
   </div>
   <div class='ocr_carea' id='block_1_3' title="bbox 796 586 3974 3436">
    <p class='ocr_par' dir='ltr' id='par_1_3' title="bbox 797 586 3959 1631">
     <span class='ocr_line' id='line_1_3' title="bbox 798 586 3953 680; baseline 0.001 -23"><span class='ocrx_word' id='word_1_3' title='bbox 798 591 916 657; x_wconf 87' lang='lat' dir='ltr'><strong>sed</strong></span> <span class='ocrx_word' id='word_1_4' title='bbox 945 588 1296 657; x_wconf 85' lang='lat' dir='ltr'><strong>institutum</strong></span> <span class='ocrx_word' id='word_1_5' title='bbox 1327 586 1512 655; x_wconf 83' lang='lat' dir='ltr'><strong>etiam</strong></span> <span class='ocrx_word' id='word_1_6' title='bbox 1547 595 1693 665; x_wconf 82' lang='lat' dir='ltr'><strong>erat,</strong></span> <span class='ocrx_word' id='word_1_7' title='bbox 1736 600 1806 651; x_wconf 89' lang='lat' dir='ltr'><strong>ut</strong></span> <span class='ocrx_word' id='word_1_8' title='bbox 1849 596 2108 673; x_wconf 86' lang='lat' dir='ltr'><strong>praetor</strong></span> <span class='ocrx_word' id='word_1_9' title='bbox 2143 588 2405 653; x_wconf 88' lang='lat' dir='ltr'><strong>missum</strong></span> <span class='ocrx_word' id='word_1_10' title='bbox 2442 588 2676 653; x_wconf 78' lang='lat' dir='ltr'><strong>faceret</strong></span> <span class='ocrx_word' id='word_1_11' title='bbox 2716 597 3117 673; x_wconf 76' lang='lat' dir='ltr'><strong>quaestorem</strong></span> <span class='ocrx_word' id='word_1_12' title='bbox 3160 594 3273 674; x_wconf 83' lang='lat' dir='ltr'><strong>qui</strong></span> <span class='ocrx_word' id='word_1_13' title='bbox 3312 591 3622 657; x_wconf 87' lang='lat' dir='ltr'><strong>noluisset</strong></span> <span class='ocrx_word' id='word_1_14' title='bbox 3648 592 3953 680; x_wconf 80' lang='lat' dir='ltr'><strong>imperata</strong></span> 
     </span>
     <span class='ocr_line' id='line_1_4' title="bbox 799 692 3956 784; baseline 0 -19"><span class='ocrx_word' id='word_1_15' title='bbox 799 696 1064 784; x_wconf 81' lang='lat' dir='ltr'><strong>impigre</strong></span> <span class='ocrx_word' id='word_1_16' title='bbox 1095 698 1322 775; x_wconf 84' lang='lat' dir='ltr'><strong>facere,</strong></span> <span class='ocrx_word' id='word_1_17' title='bbox 1362 704 1664 780; x_wconf 87' lang='lat' dir='ltr'><strong>quaestor</strong></span> <span class='ocrx_word' id='word_1_18' title='bbox 1693 714 1846 759; x_wconf 79' lang='lat' dir='ltr'><strong>vero</strong></span> <span class='ocrx_word' id='word_1_19' title='bbox 1878 695 2191 780; x_wconf 84' lang='lat' dir='ltr'><strong>pecuniae</strong></span> <span class='ocrx_word' id='word_1_20' title='bbox 2219 706 2444 759; x_wconf 84' lang='lat' dir='ltr'><strong>contra</strong></span> <span class='ocrx_word' id='word_1_21' title='bbox 2466 693 2639 780; x_wconf 78' lang='lat' dir='ltr'><strong>leges</strong></span> <span class='ocrx_word' id='word_1_22' title='bbox 2666 692 2784 757; x_wconf 89' lang='lat' dir='ltr'><strong>sed</strong></span> <span class='ocrx_word' id='word_1_23' title='bbox 2812 693 2991 761; x_wconf 84' lang='lat' dir='ltr'><strong>iussu</strong></span> <span class='ocrx_word' id='word_1_24' title='bbox 3018 696 3330 783; x_wconf 85' lang='lat' dir='ltr'><strong>praetoris</strong></span> <span class='ocrx_word' id='word_1_25' title='bbox 3360 718 3676 784; x_wconf 84' lang='lat' dir='ltr'><strong>expensae</strong></span> <span class='ocrx_word' id='word_1_26' title='bbox 3708 698 3956 784; x_wconf 83' lang='lat' dir='ltr'><strong>culpam</strong></span> 
     </span>
     <span class='ocr_line' id='line_1_5' title="bbox 799 798 3957 888; baseline 0 -19"><span class='ocrx_word' id='word_1_27' title='bbox 799 824 934 869; x_wconf 85' lang='lat' dir='ltr'><strong>non</strong></span> <span class='ocrx_word' id='word_1_28' title='bbox 964 813 1326 888; x_wconf 79' lang='lat' dir='ltr'><strong>praestaret,</strong></span> <span class='ocrx_word' id='word_1_29' title='bbox 1364 799 1487 866; x_wconf 86' lang='lat' dir='ltr'><strong>nisi</strong></span> <span class='ocrx_word' id='word_1_30' title='bbox 1529 823 1672 865; x_wconf 84' lang='lat' dir='ltr'><strong>cum</strong></span> <span class='ocrx_word' id='word_1_31' title='bbox 1710 800 1824 865; x_wconf 86' lang='lat' dir='ltr'><strong>illo</strong></span> <span class='ocrx_word' id='word_1_32' title='bbox 1867 800 2247 866; x_wconf 87' lang='lat' dir='ltr'><strong>coniunctus</strong></span> <span class='ocrx_word' id='word_1_33' title='bbox 2290 800 2513 867; x_wconf 83' lang='lat' dir='ltr'><strong>fuisset</strong></span> <span class='ocrx_word' id='word_1_34' title='bbox 2554 798 2809 865; x_wconf 81' lang='lat' dir='ltr'><strong>sceleris</strong></span> <span class='ocrx_word' id='word_1_35' title='bbox 2848 802 3237 888; x_wconf 74' lang='lat' dir='ltr'><strong>praemiique</strong></span> <span class='ocrx_word' id='word_1_36' title='bbox 3276 802 3679 885; x_wconf 56' lang='lat' dir='ltr'><strong>societ-ateffi).</strong></span> <span class='ocrx_word' id='word_1_37' title='bbox 3752 803 3957 870; x_wconf 85' lang='lat' dir='ltr'><strong>Cuius</strong></span> 
     </span>
     <span class='ocr_line' id='line_1_6' title="bbox 799 903 3958 997; baseline 0.001 -23"><span class='ocrx_word' id='word_1_38' title='bbox 799 906 1072 976; x_wconf 77' lang='lat' dir='ltr'><strong>instituti</strong></span> <span class='ocrx_word' id='word_1_39' title='bbox 1103 912 1265 973; x_wconf 75' lang='lat' dir='ltr'><strong>lianc</strong></span> <span class='ocrx_word' id='word_1_40' title='bbox 1296 928 1542 972; x_wconf 84' lang='lat' dir='ltr'><strong>causam</strong></span> <span class='ocrx_word' id='word_1_41' title='bbox 1573 906 1766 972; x_wconf 74' lang='lat' dir='ltr'><strong>fuisse</strong></span> <span class='ocrx_word' id='word_1_42' title='bbox 1797 917 1972 992; x_wconf 81' lang='lat' dir='ltr'><strong>puto,</strong></span> <span class='ocrx_word' id='word_1_43' title='bbox 2018 906 2192 993; x_wconf 91' lang='lat' dir='ltr'><strong>quod</strong></span> <span class='ocrx_word' id='word_1_44' title='bbox 2222 903 2491 972; x_wconf 82' lang='lat' dir='ltr'><strong>Romani</strong></span> <span class='ocrx_word' id='word_1_45' title='bbox 2536 906 2878 973; x_wconf 83' lang='lat' dir='ltr'><strong>noluerunt</strong></span> <span class='ocrx_word' id='word_1_46' title='bbox 2914 907 3165 973; x_wconf 86' lang='lat' dir='ltr'><strong>nimiam</strong></span> <span class='ocrx_word' id='word_1_47' title='bbox 3190 908 3381 973; x_wconf 81' lang='lat' dir='ltr'><strong>fidem</strong></span> <span class='ocrx_word' id='word_1_48' title='bbox 3412 920 3519 974; x_wconf 87' lang='lat' dir='ltr'><strong>aut</strong></span> <span class='ocrx_word' id='word_1_49' title='bbox 3548 910 3958 997; x_wconf 73' lang='lat' dir='ltr'><strong>pertinaciam</strong></span> 
     </span>
     <span class='ocr_line' id='line_1_7' title="bbox 801 1012 3957 1102; baseline 0.001 -21"><span class='ocrx_word' id='word_1_50' title='bbox 801 1016 1159 1101; x_wconf 85' lang='lat' dir='ltr'><strong>quaestoris</strong></span> <span class='ocrx_word' id='word_1_51' title='bbox 1215 1013 1665 1101; x_wconf 83' lang='lat' dir='ltr'><strong>impedimento</strong></span> <span class='ocrx_word' id='word_1_52' title='bbox 1721 1034 1864 1077; x_wconf 85' lang='lat' dir='ltr'><strong>esse</strong></span> <span class='ocrx_word' id='word_1_53' title='bbox 1913 1012 2194 1100; x_wconf 86' lang='lat' dir='ltr'><strong>praetori</strong></span> <span class='ocrx_word' id='word_1_54' title='bbox 2248 1012 2317 1079; x_wconf 89' lang='lat' dir='ltr'><strong>in</strong></span> <span class='ocrx_word' id='word_1_55' title='bbox 2368 1012 2558 1079; x_wconf 83' lang='lat' dir='ltr'><strong>bonis</strong></span> <span class='ocrx_word' id='word_1_56' title='bbox 2609 1012 2802 1079; x_wconf 87' lang='lat' dir='ltr'><strong>rebus</strong></span> <span class='ocrx_word' id='word_1_57' title='bbox 2850 1014 3244 1099; x_wconf 73' lang='lat' dir='ltr'><strong>peragendis.</strong></span> <span class='ocrx_word' id='word_1_58' title='bbox 3332 1018 3495 1081; x_wconf 83' lang='lat' dir='ltr'><strong>Nam</strong></span> <span class='ocrx_word' id='word_1_59' title='bbox 3543 1016 3957 1102; x_wconf 83' lang='lat' dir='ltr'><strong>adiungendis</strong></span> 
     </span>
     <span class='ocr_line' id='line_1_8' title="bbox 803 1117 3957 1211; baseline 0.002 -26"><span class='ocrx_word' id='word_1_60' title='bbox 803 1120 1252 1211; x_wconf 78' lang='lat' dir='ltr'><strong>quaestoribus</strong></span> <span class='ocrx_word' id='word_1_61' title='bbox 1297 1136 1410 1185; x_wconf 84' lang='lat' dir='ltr'><strong>eos</strong></span> <span class='ocrx_word' id='word_1_62' title='bbox 1451 1118 1516 1183; x_wconf 90' lang='lat' dir='ltr'><strong>id</strong></span> <span class='ocrx_word' id='word_1_63' title='bbox 1561 1117 1750 1204; x_wconf 83' lang='lat' dir='ltr'><strong>magis</strong></span> <span class='ocrx_word' id='word_1_64' title='bbox 1777 1118 1996 1203; x_wconf 72' lang='lat' dir='ltr'><strong>egisse</strong></span> <span class='ocrx_word' id='word_1_65' title='bbox 2041 1128 2112 1184; x_wconf 89' lang='lat' dir='ltr'><strong>ut</strong></span> <span class='ocrx_word' id='word_1_66' title='bbox 2141 1118 2482 1196; x_wconf 85' lang='lat' dir='ltr'><strong>adiutores,</strong></span> <span class='ocrx_word' id='word_1_67' title='bbox 2524 1130 2709 1206; x_wconf 82' lang='lat' dir='ltr'><strong>quam</strong></span> <span class='ocrx_word' id='word_1_68' title='bbox 2750 1130 2820 1184; x_wconf 92' lang='lat' dir='ltr'><strong>ut</strong></span> <span class='ocrx_word' id='word_1_69' title='bbox 2860 1120 3161 1186; x_wconf 77' lang='lat' dir='ltr'><strong>custodes</strong></span> <span class='ocrx_word' id='word_1_70' title='bbox 3200 1120 3601 1205; x_wconf 85' lang='lat' dir='ltr'><strong>praetoribus</strong></span> <span class='ocrx_word' id='word_1_71' title='bbox 3642 1122 3957 1204; x_wconf 84' lang='lat' dir='ltr'><strong>darentur,</strong></span> 
     </span>
     <span class='ocr_line' id='line_1_9' title="bbox 800 1222 3959 1313; baseline 0.002 -22"><span class='ocrx_word' id='word_1_72' title='bbox 800 1224 988 1291; x_wconf 81' lang='lat' dir='ltr'><strong>facile</strong></span> <span class='ocrx_word' id='word_1_73' title='bbox 1031 1224 1264 1291; x_wconf 80' lang='lat' dir='ltr'><strong>confici</strong></span> <span class='ocrx_word' id='word_1_74' title='bbox 1308 1232 1520 1311; x_wconf 87' lang='lat' dir='ltr'><strong>potest</strong></span> <span class='ocrx_word' id='word_1_75' title='bbox 1562 1245 1635 1287; x_wconf 84' lang='lat' dir='ltr'><strong>ex</strong></span> <span class='ocrx_word' id='word_1_76' title='bbox 1679 1222 2145 1290; x_wconf 84' lang='lat' dir='ltr'><strong>necessitudine</strong></span> <span class='ocrx_word' id='word_1_77' title='bbox 2194 1246 2429 1290; x_wconf 84' lang='lat' dir='ltr'><strong>summa</strong></span> <span class='ocrx_word' id='word_1_78' title='bbox 2477 1248 2641 1312; x_wconf 81' lang='lat' dir='ltr'><strong>quae</strong></span> <span class='ocrx_word' id='word_1_79' title='bbox 2688 1228 3013 1313; x_wconf 77' lang='lat' dir='ltr'><strong>quaestori</strong></span> <span class='ocrx_word' id='word_1_80' title='bbox 3058 1248 3197 1292; x_wconf 91' lang='lat' dir='ltr'><strong>cum</strong></span> <span class='ocrx_word' id='word_1_81' title='bbox 3247 1238 3543 1313; x_wconf 83' lang='lat' dir='ltr'><strong>praetore</strong></span> <span class='ocrx_word' id='word_1_82' title='bbox 3590 1230 3959 1308; x_wconf 82' lang='lat' dir='ltr'><strong>intercessit,</strong></span> 
     </span>
     <span class='ocr_line' id='line_1_10' title="bbox 803 1329 3959 1420; baseline 0.002 -23"><span class='ocrx_word' id='word_1_83' title='bbox 803 1355 988 1420; x_wconf 87' lang='lat' dir='ltr'><strong>quam</strong></span> <span class='ocrx_word' id='word_1_84' title='bbox 1034 1344 1412 1419; x_wconf 75' lang='lat' dir='ltr'><strong>quaesturae</strong></span> <span class='ocrx_word' id='word_1_85' title='bbox 1453 1329 1970 1396; x_wconf 85' lang='lat' dir='ltr'><strong>coniunctionem</strong></span> <span class='ocrx_word' id='word_1_86' title='bbox 2010 1331 2361 1397; x_wconf 82' lang='lat' dir='ltr'><strong>liberorum</strong></span> <span class='ocrx_word' id='word_1_87' title='bbox 2408 1331 2859 1397; x_wconf 82' lang='lat' dir='ltr'><strong>necessitudini</strong></span> <span class='ocrx_word' id='word_1_88' title='bbox 2906 1336 3248 1417; x_wconf 79' lang='lat' dir='ltr'><strong>proximam</strong></span> <span class='ocrx_word' id='word_1_89' title='bbox 3298 1352 3435 1398; x_wconf 89' lang='lat' dir='ltr'><strong>esse</strong></span> <span class='ocrx_word' id='word_1_90' title='bbox 3476 1356 3613 1400; x_wconf 88' lang='lat' dir='ltr'><strong>mos</strong></span> <span class='ocrx_word' id='word_1_91' title='bbox 3652 1337 3959 1403; x_wconf 85' lang='lat' dir='ltr'><strong>maiorum</strong></span> 
     </span>
     <span class='ocr_line' id='line_1_11' title="bbox 803 1437 3959 1526; baseline 0.002 -25"><span class='ocrx_word' id='word_1_92' title='bbox 803 1437 1026 1517; x_wconf 81' lang='lat' dir='ltr'><strong>voluit,</strong></span> <span class='ocrx_word' id='word_1_93' title='bbox 1075 1441 1163 1504; x_wconf 89' lang='lat' dir='ltr'><strong>ita</strong></span> <span class='ocrx_word' id='word_1_94' title='bbox 1205 1446 1274 1500; x_wconf 88' lang='lat' dir='ltr'><strong>ut</strong></span> <span class='ocrx_word' id='word_1_95' title='bbox 1321 1446 1679 1521; x_wconf 84' lang='lat' dir='ltr'><strong>praetorem</strong></span> <span class='ocrx_word' id='word_1_96' title='bbox 1727 1438 2052 1521; x_wconf 87' lang='lat' dir='ltr'><strong>quaestori</strong></span> <span class='ocrx_word' id='word_1_97' title='bbox 2099 1458 2220 1503; x_wconf 86' lang='lat' dir='ltr'><strong>suo</strong></span> <span class='ocrx_word' id='word_1_98' title='bbox 2267 1437 2545 1524; x_wconf 84' lang='lat' dir='ltr'><strong>parentis</strong></span> <span class='ocrx_word' id='word_1_99' title='bbox 2590 1438 2737 1505; x_wconf 87' lang='lat' dir='ltr'><strong>loco</strong></span> <span class='ocrx_word' id='word_1_100' title='bbox 2781 1460 2921 1503; x_wconf 84' lang='lat' dir='ltr'><strong>esse</strong></span> <span class='ocrx_word' id='word_1_101' title='bbox 2964 1450 3291 1523; x_wconf 86' lang='lat' dir='ltr'><strong>oporteret</strong></span> <span class='ocrx_word' id='word_1_102' title='bbox 3335 1462 3549 1526; x_wconf 86' lang='lat' dir='ltr'><strong>neque</strong></span> <span class='ocrx_word' id='word_1_103' title='bbox 3588 1439 3725 1507; x_wconf 89' lang='lat' dir='ltr'><strong>sine</strong></span> <span class='ocrx_word' id='word_1_104' title='bbox 3773 1466 3959 1508; x_wconf 82' lang='lat' dir='ltr'><strong>causa</strong></span> 
     </span>
     <span class='ocr_line' id='line_1_12' title="bbox 797 1540 3438 1631; baseline -0.001 -21"><span class='ocrx_word' id='word_1_105' title='bbox 797 1544 1160 1631; x_wconf 68' lang='lat' dir='ltr'><strong>gravissima</strong></span> <span class='ocrx_word' id='word_1_106' title='bbox 1202 1541 1520 1627; x_wconf 81' lang='lat' dir='ltr'><strong>quaestori</strong></span> <span class='ocrx_word' id='word_1_107' title='bbox 1563 1540 1630 1607; x_wconf 89' lang='lat' dir='ltr'><strong>in</strong></span> <span class='ocrx_word' id='word_1_108' title='bbox 1669 1553 2026 1627; x_wconf 77' lang='lat' dir='ltr'><strong>praetorem</strong></span> <span class='ocrx_word' id='word_1_109' title='bbox 2065 1542 2341 1610; x_wconf 87' lang='lat' dir='ltr'><strong>nominis</strong></span> <span class='ocrx_word' id='word_1_110' title='bbox 2384 1542 2711 1609; x_wconf 65' lang='lat' dir='ltr'><strong>deserendi</strong></span> <span class='ocrx_word' id='word_1_111' title='bbox 2750 1554 3033 1630; x_wconf 78' lang='lat' dir='ltr'><strong>potestas</strong></span> <span class='ocrx_word' id='word_1_112' title='bbox 3074 1544 3438 1628; x_wconf 69' lang='lat' dir='ltr'><strong>daretur-³³).</strong></span> 
     </span>
    </p>

    <p class='ocr_par' dir='ltr' id='par_1_4' title="bbox 796 1646 3974 3093">
     <span class='ocr_line' id='line_1_13' title="bbox 983 1646 3961 1739; baseline 0 -23"><span class='ocrx_word' id='word_1_113' title='bbox 983 1649 1114 1716; x_wconf 82' lang='lat' dir='ltr'><strong>sed</strong></span> <span class='ocrx_word' id='word_1_114' title='bbox 1141 1670 1222 1713; x_wconf 89' lang='lat' dir='ltr'><strong>eo</strong></span> <span class='ocrx_word' id='word_1_115' title='bbox 1251 1646 1390 1727; x_wconf 83' lang='lat' dir='ltr'><strong>iam,</strong></span> <span class='ocrx_word' id='word_1_116' title='bbox 1436 1648 1609 1716; x_wconf 89' lang='lat' dir='ltr'><strong>unde</strong></span> <span class='ocrx_word' id='word_1_117' title='bbox 1641 1650 1764 1712; x_wconf 83' lang='lat' dir='ltr'><strong>huc</strong></span> <span class='ocrx_word' id='word_1_118' title='bbox 1793 1648 2052 1735; x_wconf 78' lang='lat' dir='ltr'><strong>digressi</strong></span> <span class='ocrx_word' id='word_1_119' title='bbox 2083 1672 2315 1728; x_wconf 87' lang='lat' dir='ltr'><strong>sumus,</strong></span> <span class='ocrx_word' id='word_1_120' title='bbox 2356 1662 2760 1720; x_wconf 79' lang='lat' dir='ltr'><strong>revertamur.</strong></span> <span class='ocrx_word' id='word_1_121' title='bbox 2824 1648 3292 1717; x_wconf 80' lang='lat' dir='ltr'><strong>Conficiendae</strong></span> <span class='ocrx_word' id='word_1_122' title='bbox 3320 1650 3599 1737; x_wconf 84' lang='lat' dir='ltr'><strong>denique</strong></span> <span class='ocrx_word' id='word_1_123' title='bbox 3629 1652 3961 1739; x_wconf 77' lang='lat' dir='ltr'><strong>diligenter</strong></span> 
     </span>
     <span class='ocr_line' id='line_1_14' title="bbox 807 1752 3962 1842; baseline 0.001 -22"><span class='ocrx_word' id='word_1_124' title='bbox 807 1766 982 1821; x_wconf 87' lang='lat' dir='ltr'><strong>erant</strong></span> <span class='ocrx_word' id='word_1_125' title='bbox 1021 1754 1092 1817; x_wconf 82' lang='lat' dir='ltr'><strong>in</strong></span> <span class='ocrx_word' id='word_1_126' title='bbox 1127 1753 1452 1840; x_wconf 79' lang='lat' dir='ltr'><strong>provincia</strong></span> <span class='ocrx_word' id='word_1_127' title='bbox 1497 1752 1820 1841; x_wconf 82' lang='lat' dir='ltr'><strong>quaestori</strong></span> <span class='ocrx_word' id='word_1_128' title='bbox 1848 1752 2395 1840; x_wconf 70' lang='lat' dir='ltr'><strong>tabulae-accepti</strong></span> <span class='ocrx_word' id='word_1_129' title='bbox 2417 1755 2767 1842; x_wconf 13' lang='lat' dir='ltr'><strong>&#39;etexpensi</strong></span> <span class='ocrx_word' id='word_1_130' title='bbox 2800 1766 2864 1820; x_wconf 90' lang='lat' dir='ltr'><strong>et</strong></span> <span class='ocrx_word' id='word_1_131' title='bbox 2888 1767 3040 1842; x_wconf 83' lang='lat' dir='ltr'><strong>post</strong></span> <span class='ocrx_word' id='word_1_132' title='bbox 3068 1756 3397 1821; x_wconf 84' lang='lat' dir='ltr'><strong>decessum</strong></span> <span class='ocrx_word' id='word_1_133' title='bbox 3438 1756 3716 1825; x_wconf 89' lang='lat' dir='ltr'><strong>rationes</strong></span> <span class='ocrx_word' id='word_1_134' title='bbox 3760 1758 3962 1824; x_wconf 87' lang='lat' dir='ltr'><strong>omnis</strong></span> 
     </span>
     <span class='ocr_line' id='line_1_15' title="bbox 806 1860 3966 1950; baseline 0.001 -24"><span class='ocrx_word' id='word_1_135' title='bbox 806 1863 1118 1949; x_wconf 84' lang='lat' dir='ltr'><strong>pecuniae</strong></span> <span class='ocrx_word' id='word_1_136' title='bbox 1147 1860 1554 1945; x_wconf 80' lang='lat' dir='ltr'><strong>publicae-ad</strong></span> <span class='ocrx_word' id='word_1_137' title='bbox 1583 1860 1892 1925; x_wconf 82' lang='lat' dir='ltr'><strong>aerarium</strong></span> <span class='ocrx_word' id='word_1_138' title='bbox 1923 1860 2315 1925; x_wconf 79' lang='lat' dir='ltr'><strong>referendae.</strong></span> <span class='ocrx_word' id='word_1_139' title='bbox 2361 1862 2572 1947; x_wconf 84' lang='lat' dir='ltr'><strong>Atque</strong></span> <span class='ocrx_word' id='word_1_140' title='bbox 2596 1871 2743 1925; x_wconf 84' lang='lat' dir='ltr'><strong>ante</strong></span> <span class='ocrx_word' id='word_1_141' title='bbox 2772 1860 2970 1947; x_wconf 76' lang='lat' dir='ltr'><strong>legem</strong></span> <span class='ocrx_word' id='word_1_142' title='bbox 2994 1860 3215 1927; x_wconf 83' lang='lat' dir='ltr'><strong>Iuliam</strong></span> <span class='ocrx_word' id='word_1_143' title='bbox 3247 1863 3325 1926; x_wconf 89' lang='lat' dir='ltr'><strong>de</strong></span> <span class='ocrx_word' id='word_1_144' title='bbox 3353 1862 3635 1948; x_wconf 80' lang='lat' dir='ltr'><strong>pecuniis</strong></span> <span class='ocrx_word' id='word_1_145' title='bbox 3664 1875 3966 1950; x_wconf 86' lang='lat' dir='ltr'><strong>repetun-</strong></span> 
     </span>
     <span class='ocr_line' id='line_1_16' title="bbox 807 1964 3967 2055; baseline 0.002 -25"><span class='ocrx_word' id='word_1_146' title='bbox 807 1964 904 2030; x_wconf 86' lang='lat' dir='ltr'><strong>dis</strong></span> <span class='ocrx_word' id='word_1_147' title='bbox 937 1988 988 2031; x_wconf 87' lang='lat' dir='ltr'><strong>a.</strong></span> <span class='ocrx_word' id='word_1_148' title='bbox 1007 1970 1138 2036; x_wconf 80' lang='lat'><strong>695</strong></span> <span class='ocrx_word' id='word_1_149' title='bbox 1167 1966 1352 2031; x_wconf 87' lang='lat' dir='ltr'><strong>latam</strong></span> <span class='ocrx_word' id='word_1_150' title='bbox 1381 1966 1746 2033; x_wconf 72' lang='lat' dir='ltr'><strong>referebant</strong></span> <span class='ocrx_word' id='word_1_151' title='bbox 1779 1965 2055 2032; x_wconf 81' lang='lat' dir='ltr'><strong>rationes</strong></span> <span class='ocrx_word' id='word_1_152' title='bbox 2085 1966 2170 2031; x_wconf 88' lang='lat' dir='ltr'><strong>ad</strong></span> <span class='ocrx_word' id='word_1_153' title='bbox 2200 1966 2509 2031; x_wconf 80' lang='lat' dir='ltr'><strong>aerarium</strong></span> <span class='ocrx_word' id='word_1_154' title='bbox 2536 1977 2599 2030; x_wconf 87' lang='lat' dir='ltr'><strong>et</strong></span> <span class='ocrx_word' id='word_1_155' title='bbox 2628 1978 2931 2052; x_wconf 79' lang='lat' dir='ltr'><strong>quaestor</strong></span> <span class='ocrx_word' id='word_1_156' title='bbox 2959 1968 3097 2032; x_wconf 89' lang='lat' dir='ltr'><strong>sine</strong></span> <span class='ocrx_word' id='word_1_157' title='bbox 3120 1979 3422 2053; x_wconf 85' lang='lat' dir='ltr'><strong>praetore</strong></span> <span class='ocrx_word' id='word_1_158' title='bbox 3450 1980 3513 2033; x_wconf 89' lang='lat' dir='ltr'><strong>et</strong></span> <span class='ocrx_word' id='word_1_159' title='bbox 3540 1969 3967 2055; x_wconf 83' lang='lat' dir='ltr'><strong>praetor-sine</strong></span> 
     </span>
     <span class='ocr_line' id='line_1_17' title="bbox 808 2071 3970 2159; baseline 0.002 -23"><span class='ocrx_word' id='word_1_160' title='bbox 808 2083 1164 2159; x_wconf 85' lang='lat' dir='ltr'><strong>quaestore,</strong></span> <span class='ocrx_word' id='word_1_161' title='bbox 1191 2082 1388 2159; x_wconf 88' lang='lat' dir='ltr'><strong>prout</strong></span> <span class='ocrx_word' id='word_1_162' title='bbox 1417 2071 1672 2158; x_wconf 83' lang='lat' dir='ltr'><strong>utrique</strong></span> <span class='ocrx_word' id='word_1_163' title='bbox 1700 2094 2069 2137; x_wconf 85' lang='lat' dir='ltr'><strong>successum</strong></span> <span class='ocrx_word' id='word_1_164' title='bbox 2097 2084 2245 2151; x_wconf 87' lang='lat' dir='ltr'><strong>erat,</strong></span> <span class='ocrx_word' id='word_1_165' title='bbox 2272 2072 2461 2139; x_wconf 85' lang='lat' dir='ltr'><strong>simul</strong></span> <span class='ocrx_word' id='word_1_166' title='bbox 2488 2084 2677 2158; x_wconf 81' lang='lat' dir='ltr'><strong>atque</strong></span> <span class='ocrx_word' id='word_1_167' title='bbox 2706 2096 2782 2138; x_wconf 79' lang='lat' dir='ltr'><strong>ex</strong></span> <span class='ocrx_word' id='word_1_168' title='bbox 2809 2072 3137 2159; x_wconf 74' lang='lat' dir='ltr'><strong>provincia</strong></span> <span class='ocrx_word' id='word_1_169' title='bbox 3166 2073 3401 2139; x_wconf 59' lang='lat' dir='ltr'><strong>reversi</strong></span> <span class='ocrx_word' id='word_1_170' title='bbox 3432 2072 3497 2141; x_wconf 81' lang='lat' dir='ltr'><strong>in</strong></span> <span class='ocrx_word' id='word_1_171' title='bbox 3526 2074 3747 2141; x_wconf 88' lang='lat' dir='ltr'><strong>urbem</strong></span> <span class='ocrx_word' id='word_1_172' title='bbox 3780 2076 3970 2141; x_wconf 82' lang='lat' dir='ltr'><strong>adve—</strong></span> 
     </span>
     <span class='ocr_line' id='line_1_18' title="bbox 802 2176 3967 2265; baseline 0.001 -22"><span class='ocrx_word' id='word_1_173' title='bbox 802 2190 1048 2257; x_wconf 85' lang='lat' dir='ltr'><strong>nerant,</strong></span> <span class='ocrx_word' id='word_1_174' title='bbox 1088 2178 1206 2243; x_wconf 86' lang='lat' dir='ltr'><strong>nisi</strong></span> <span class='ocrx_word' id='word_1_175' title='bbox 1249 2201 1284 2241; x_wconf 87' lang='lat' dir='ltr'><strong>a</strong></span> <span class='ocrx_word' id='word_1_176' title='bbox 1315 2188 1538 2243; x_wconf 86' lang='lat' dir='ltr'><strong>senatu</strong></span> <span class='ocrx_word' id='word_1_177' title='bbox 1581 2176 1718 2242; x_wconf 87' lang='lat' dir='ltr'><strong>dies</strong></span> <span class='ocrx_word' id='word_1_178' title='bbox 1761 2176 1834 2243; x_wconf 84' lang='lat' dir='ltr'><strong>iis</strong></span> <span class='ocrx_word' id='word_1_179' title='bbox 1877 2189 2217 2265; x_wconf 78' lang='lat' dir='ltr'><strong>prorogata</strong></span> <span class='ocrx_word' id='word_1_180' title='bbox 2262 2179 2503 2261; x_wconf 56' lang='grc' dir='ltr'><strong>(ποθ’).</strong></span> <span class='ocrx_word' id='word_1_181' title='bbox 2562 2182 2721 2244; x_wconf 86' lang='lat' dir='ltr'><strong>Post</strong></span> <span class='ocrx_word' id='word_1_182' title='bbox 2749 2178 2969 2260; x_wconf 76' lang='lat' dir='ltr'><strong>Iuliam</strong></span> <span class='ocrx_word' id='word_1_183' title='bbox 2998 2200 3155 2244; x_wconf 79' lang='lat' dir='ltr'><strong>vero</strong></span> <span class='ocrx_word' id='word_1_184' title='bbox 3187 2180 3381 2265; x_wconf 81' lang='lat' dir='ltr'><strong>legem</strong></span> <span class='ocrx_word' id='word_1_185' title='bbox 3412 2200 3673 2245; x_wconf 82' lang='lat' dir='ltr'><strong>necesse</strong></span> <span class='ocrx_word' id='word_1_186' title='bbox 3702 2192 3855 2259; x_wconf 87' lang='lat' dir='ltr'><strong>erat,</strong></span> <span class='ocrx_word' id='word_1_187' title='bbox 3894 2192 3967 2246; x_wconf 80' lang='lat' dir='ltr'><strong>ut</strong></span> 
     </span>
     <span class='ocr_line' id='line_1_19' title="bbox 807 2280 3965 2372; baseline 0.001 -24"><span class='ocrx_word' id='word_1_188' title='bbox 807 2294 1068 2372; x_wconf 89' lang='lat' dir='ltr'><strong>praetor</strong></span> <span class='ocrx_word' id='word_1_189' title='bbox 1097 2296 1158 2348; x_wconf 89' lang='lat' dir='ltr'><strong>et</strong></span> <span class='ocrx_word' id='word_1_190' title='bbox 1187 2296 1508 2370; x_wconf 80' lang='lat' dir='ltr'><strong>quaestor,</strong></span> <span class='ocrx_word' id='word_1_191' title='bbox 1545 2294 1880 2369; x_wconf 83' lang='lat' dir='ltr'><strong>antequam</strong></span> <span class='ocrx_word' id='word_1_192' title='bbox 1925 2283 2008 2348; x_wconf 87' lang='lat' dir='ltr'><strong>de</strong></span> <span class='ocrx_word' id='word_1_193' title='bbox 2043 2280 2374 2369; x_wconf 82' lang='lat' dir='ltr'><strong>provincia</strong></span> <span class='ocrx_word' id='word_1_194' title='bbox 2411 2283 2851 2365; x_wconf 82' lang='lat' dir='ltr'><strong>decessissent,</strong></span> <span class='ocrx_word' id='word_1_195' title='bbox 2892 2285 3064 2371; x_wconf 83' lang='lat' dir='ltr'><strong>apud</strong></span> <span class='ocrx_word' id='word_1_196' title='bbox 3094 2286 3253 2351; x_wconf 85' lang='lat' dir='ltr'><strong>duas</strong></span> <span class='ocrx_word' id='word_1_197' title='bbox 3283 2285 3651 2372; x_wconf 82' lang='lat' dir='ltr'><strong>provinciae</strong></span> <span class='ocrx_word' id='word_1_198' title='bbox 3682 2285 3965 2353; x_wconf 87' lang='lat' dir='ltr'><strong>civitates</strong></span> 
     </span>
     <span class='ocr_line' id='line_1_20' title="bbox 808 2385 3967 2477; baseline 0 -21"><span class='ocrx_word' id='word_1_199' title='bbox 808 2390 1090 2456; x_wconf 85' lang='lat' dir='ltr'><strong>rationes</strong></span> <span class='ocrx_word' id='word_1_200' title='bbox 1129 2390 1450 2455; x_wconf 85' lang='lat' dir='ltr'><strong>confectas</strong></span> <span class='ocrx_word' id='word_1_201' title='bbox 1493 2385 1884 2477; x_wconf 78' lang='lat' dir='ltr'><strong>collatasque</strong></span> <span class='ocrx_word' id='word_1_202' title='bbox 1927 2389 2329 2475; x_wconf 81' lang='lat' dir='ltr'><strong>deponerent</strong></span> <span class='ocrx_word' id='word_1_203' title='bbox 2368 2389 2749 2477; x_wconf 82' lang='lat' dir='ltr'><strong>easdemque</strong></span> <span class='ocrx_word' id='word_1_204' title='bbox 2787 2389 3054 2457; x_wconf 81' lang='lat' dir='ltr'><strong>totidem</strong></span> <span class='ocrx_word' id='word_1_205' title='bbox 3092 2393 3309 2458; x_wconf 82' lang='lat' dir='ltr'><strong>verbis</strong></span> <span class='ocrx_word' id='word_1_206' title='bbox 3342 2394 3647 2458; x_wconf 77' lang='lat' dir='ltr'><strong>referrent</strong></span> <span class='ocrx_word' id='word_1_207' title='bbox 3679 2390 3759 2457; x_wconf 86' lang='lat' dir='ltr'><strong>ad</strong></span> <span class='ocrx_word' id='word_1_208' title='bbox 3790 2414 3967 2457; x_wconf 85' lang='lat' dir='ltr'><strong>aera-</strong></span> 
     </span>
     <span class='ocr_line' id='line_1_21' title="bbox 807 2496 3971 2585; baseline 0 -22"><span class='ocrx_word' id='word_1_209' title='bbox 807 2497 974 2563; x_wconf 87' lang='lat' dir='ltr'><strong>rium</strong></span> <span class='ocrx_word' id='word_1_210' title='bbox 987 2496 1088 2580; x_wconf 82' lang='lat'>³⁵);</span> <span class='ocrx_word' id='word_1_211' title='bbox 1131 2496 1438 2561; x_wconf 83' lang='lat' dir='ltr'><strong>continuo</strong></span> <span class='ocrx_word' id='word_1_212' title='bbox 1485 2506 1688 2561; x_wconf 89' lang='lat' dir='ltr'><strong>autem</strong></span> <span class='ocrx_word' id='word_1_213' title='bbox 1732 2508 1882 2583; x_wconf 90' lang='lat' dir='ltr'><strong>post</strong></span> <span class='ocrx_word' id='word_1_214' title='bbox 1925 2496 2266 2561; x_wconf 57' lang='lat' dir='ltr'><strong>adventum</strong></span> <span class='ocrx_word' id='word_1_215' title='bbox 2297 2499 2573 2561; x_wconf 84' lang='lat' dir='ltr'><strong>rationes</strong></span> <span class='ocrx_word' id='word_1_216' title='bbox 2600 2496 2827 2563; x_wconf 80' lang='lat' dir='ltr'><strong>referri</strong></span> <span class='ocrx_word' id='word_1_217' title='bbox 2857 2507 3009 2563; x_wconf 82' lang='lat' dir='ltr'><strong>tunc</strong></span> <span class='ocrx_word' id='word_1_218' title='bbox 3038 2497 3192 2563; x_wconf 82' lang='lat' dir='ltr'><strong>nibil</strong></span> <span class='ocrx_word' id='word_1_219' title='bbox 3223 2496 3487 2576; x_wconf 86' lang='lat' dir='ltr'><strong>attinuit,</strong></span> <span class='ocrx_word' id='word_1_220' title='bbox 3528 2520 3669 2563; x_wconf 85' lang='lat' dir='ltr'><strong>cum</strong></span> <span class='ocrx_word' id='word_1_221' title='bbox 3698 2509 3971 2585; x_wconf 80' lang='lat' dir='ltr'><strong>propter</strong></span> 
     </span>
     <span class='ocr_line' id='line_1_22' title="bbox 807 2600 3973 2690; baseline 0 -21"><span class='ocrx_word' id='word_1_222' title='bbox 807 2602 1090 2669; x_wconf 85' lang='lat' dir='ltr'><strong>rationes</strong></span> <span class='ocrx_word' id='word_1_223' title='bbox 1123 2602 1186 2667; x_wconf 89' lang='lat' dir='ltr'><strong>in</strong></span> <span class='ocrx_word' id='word_1_224' title='bbox 1217 2600 1546 2689; x_wconf 80' lang='lat' dir='ltr'><strong>provincia</strong></span> <span class='ocrx_word' id='word_1_225' title='bbox 1576 2600 1827 2668; x_wconf 85' lang='lat' dir='ltr'><strong>relictas</strong></span> <span class='ocrx_word' id='word_1_226' title='bbox 1857 2614 2082 2687; x_wconf 80' lang='lat' dir='ltr'><strong>postea</strong></span> <span class='ocrx_word' id='word_1_227' title='bbox 2107 2601 2267 2667; x_wconf 77' lang='lat' dir='ltr'><strong>nihil</strong></span> <span class='ocrx_word' id='word_1_228' title='bbox 2288 2600 2513 2667; x_wconf 84' lang='lat' dir='ltr'><strong>mutari</strong></span> <span class='ocrx_word' id='word_1_229' title='bbox 2534 2614 2755 2687; x_wconf 84' lang='lat' dir='ltr'><strong>posset</strong></span> <span class='ocrx_word' id='word_1_230' title='bbox 2768 2603 2861 2685; x_wconf 78' lang='lat'><strong>⁸⁸).</strong></span> <span class='ocrx_word' id='word_1_231' title='bbox 2914 2602 3109 2667; x_wconf 81' lang='lat' dir='ltr'><strong>Nulla</strong></span> <span class='ocrx_word' id='word_1_232' title='bbox 3134 2625 3207 2667; x_wconf 89' lang='lat' dir='ltr'><strong>re</strong></span> <span class='ocrx_word' id='word_1_233' title='bbox 3234 2601 3425 2690; x_wconf 77' lang='lat' dir='ltr'><strong>magis</strong></span> <span class='ocrx_word' id='word_1_234' title='bbox 3452 2604 3687 2669; x_wconf 80' lang='lat' dir='ltr'><strong>factum</strong></span> <span class='ocrx_word' id='word_1_235' title='bbox 3717 2602 3973 2670; x_wconf 86' lang='lat' dir='ltr'><strong>videtur</strong></span> 
     </span>
     <span class='ocr_line' id='line_1_23' title="bbox 796 2705 3972 2798; baseline 0 -22"><span class='ocrx_word' id='word_1_236' title='bbox 796 2732 970 2790; x_wconf 86' lang='lat' dir='ltr'><strong>-esse,</strong></span> <span class='ocrx_word' id='word_1_237' title='bbox 1012 2720 1082 2777; x_wconf 80' lang='lat' dir='ltr'><strong>ut</strong></span> <span class='ocrx_word' id='word_1_238' title='bbox 1111 2705 1506 2777; x_wconf 81' lang='lat' dir='ltr'><strong>custodirent</strong></span> <span class='ocrx_word' id='word_1_239' title='bbox 1535 2706 1698 2776; x_wconf 87' lang='lat' dir='ltr'><strong>inter</strong></span> <span class='ocrx_word' id='word_1_240' title='bbox 1725 2730 1798 2774; x_wconf 89' lang='lat' dir='ltr'><strong>se</strong></span> <span class='ocrx_word' id='word_1_241' title='bbox 1825 2720 2088 2795; x_wconf 82' lang='lat' dir='ltr'><strong>praetor</strong></span> <span class='ocrx_word' id='word_1_242' title='bbox 2128 2720 2193 2774; x_wconf 87' lang='lat' dir='ltr'><strong>et</strong></span> <span class='ocrx_word' id='word_1_243' title='bbox 2234 2716 2553 2795; x_wconf 80' lang='lat' dir='ltr'><strong>quaestor,</strong></span> <span class='ocrx_word' id='word_1_244' title='bbox 2592 2717 2656 2772; x_wconf 88' lang='lat' dir='ltr'><strong>et</strong></span> <span class='ocrx_word' id='word_1_245' title='bbox 2698 2720 2783 2774; x_wconf 85' lang='lat' dir='ltr'><strong>ut·</strong></span> <span class='ocrx_word' id='word_1_246' title='bbox 2804 2719 3109 2796; x_wconf 81' lang='lat' dir='ltr'><strong>quaestor</strong></span> <span class='ocrx_word' id='word_1_247' title='bbox 3146 2708 3449 2797; x_wconf 69' lang='lat' dir='ltr'><strong>appeflari</strong></span> <span class='ocrx_word' id='word_1_248' title='bbox 3494 2721 3715 2798; x_wconf 87' lang='lat' dir='ltr'><strong>posset</strong></span> <span class='ocrx_word' id='word_1_249' title='bbox 3754 2720 3972 2776; x_wconf 83' lang='lat' dir='ltr'><strong>custos</strong></span> 
     </span>
     <span class='ocr_line' id='line_1_24' title="bbox 807 2813 3974 2902; baseline 0 -20"><span class='ocrx_word' id='word_1_250' title='bbox 807 2837 948 2882; x_wconf 86' lang='lat' dir='ltr'><strong>non</strong></span> <span class='ocrx_word' id='word_1_251' title='bbox 973 2817 1179 2882; x_wconf 88' lang='lat' dir='ltr'><strong>solum</strong></span> <span class='ocrx_word' id='word_1_252' title='bbox 1209 2813 1518 2902; x_wconf 84' lang='lat' dir='ltr'><strong>pecuniae</strong></span> <span class='ocrx_word' id='word_1_253' title='bbox 1545 2813 1664 2878; x_wconf 82' lang='lat' dir='ltr'><strong>sed</strong></span> <span class='ocrx_word' id='word_1_254' title='bbox 1697 2815 1878 2881; x_wconf 88' lang='lat' dir='ltr'><strong>etiam</strong></span> <span class='ocrx_word' id='word_1_255' title='bbox 1907 2819 2239 2902; x_wconf 88' lang='lat' dir='ltr'><strong>praetoris.</strong></span> <span class='ocrx_word' id='word_1_256' title='bbox 2288 2813 2615 2901; x_wconf 75' lang='lat' dir='ltr'><strong>permagni</strong></span> <span class='ocrx_word' id='word_1_257' title='bbox 2646 2815 2835 2901; x_wconf 82' lang='lat' dir='ltr'><strong>igitur</strong></span> <span class='ocrx_word' id='word_1_258' title='bbox 2859 2815 3166 2902; x_wconf 85' lang='lat' dir='ltr'><strong>praetoris</strong></span> <span class='ocrx_word' id='word_1_259' title='bbox 3196 2817 3577 2896; x_wconf 75' lang='lat' dir='ltr'><strong>interfuisse,</strong></span> <span class='ocrx_word' id='word_1_260' title='bbox 3608 2829 3675 2882; x_wconf 86' lang='lat' dir='ltr'><strong>ut</strong></span> <span class='ocrx_word' id='word_1_261' title='bbox 3704 2817 3974 2883; x_wconf 86' lang='lat' dir='ltr'><strong>haberet</strong></span> 
     </span>
     <span class='ocr_line' id='line_1_25' title="bbox 813 2918 3971 3009; baseline 0 -19"><span class='ocrx_word' id='word_1_262' title='bbox 813 2937 1212 3009; x_wconf 83' lang='lat' dir='ltr'><strong>quaestorem</strong></span> <span class='ocrx_word' id='word_1_263' title='bbox 1242 2921 1362 2988; x_wconf 88' lang='lat' dir='ltr'><strong>sibi</strong></span> <span class='ocrx_word' id='word_1_264' title='bbox 1395 2918 1738 2988; x_wconf 85' lang='lat' dir='ltr'><strong>obnoxium</strong></span> <span class='ocrx_word' id='word_1_265' title='bbox 1771 2937 1836 2988; x_wconf 89' lang='lat' dir='ltr'><strong>et</strong></span> <span class='ocrx_word' id='word_1_266' title='bbox 1863 2922 2303 2989; x_wconf 83' lang='lat' dir='ltr'><strong>consulentem</strong></span> <span class='ocrx_word' id='word_1_267' title='bbox 2330 2943 2485 2986; x_wconf 85' lang='lat' dir='ltr'><strong>suae</strong></span> <span class='ocrx_word' id='word_1_268' title='bbox 2510 2920 2971 3001; x_wconf 83' lang='lat' dir='ltr'><strong>existimationi,</strong></span> <span class='ocrx_word' id='word_1_269' title='bbox 3011 2923 3167 2988; x_wconf 81' lang='lat' dir='ltr'><strong>baso</strong></span> <span class='ocrx_word' id='word_1_270' title='bbox 3204 2945 3331 2988; x_wconf 85' lang='lat' dir='ltr'><strong>una</strong></span> <span class='ocrx_word' id='word_1_271' title='bbox 3358 2945 3463 2988; x_wconf 87' lang='lat' dir='ltr'><strong>res</strong></span> <span class='ocrx_word' id='word_1_272' title='bbox 3492 2927 3641 2988; x_wconf 83' lang='lat' dir='ltr'><strong>satis</strong></span> <span class='ocrx_word' id='word_1_273' title='bbox 3671 2922 3971 2991; x_wconf 85' lang='lat' dir='ltr'><strong>declarat.</strong></span> 
     </span>
     <span class='ocr_line' id='line_1_26' title="bbox 814 3027 1566 3093; baseline -0.003 -1"><span class='ocrx_word' id='word_1_274' title='bbox 814 3027 1080 3093; x_wconf 89' lang='lat' dir='ltr'><strong>Accedit</strong></span> <span class='ocrx_word' id='word_1_275' title='bbox 1112 3038 1320 3092; x_wconf 88' lang='lat' dir='ltr'><strong>autem</strong></span> <span class='ocrx_word' id='word_1_276' title='bbox 1351 3028 1566 3092; x_wconf 86' lang='lat' dir='ltr'><strong>altera.</strong></span> 
     </span>
    </p>

    <p class='ocr_par' dir='ltr' id='par_1_5' title="bbox 813 3131 3970 3436">
     <span class='ocr_line' id='line_1_27' title="bbox 987 3131 3970 3221; baseline 0.001 -24"><span class='ocrx_word' id='word_1_277' title='bbox 987 3132 1213 3201; x_wconf 80' lang='lat' dir='ltr'><strong>Existit</strong></span> <span class='ocrx_word' id='word_1_278' title='bbox 1241 3131 1432 3201; x_wconf 84' lang='lat' dir='ltr'><strong>nobis</strong></span> <span class='ocrx_word' id='word_1_279' title='bbox 1463 3133 1591 3198; x_wconf 83' lang='lat' dir='ltr'><strong>hoc</strong></span> <span class='ocrx_word' id='word_1_280' title='bbox 1619 3133 1767 3198; x_wconf 88' lang='lat' dir='ltr'><strong>loco</strong></span> <span class='ocrx_word' id='word_1_281' title='bbox 1799 3133 1881 3198; x_wconf 91' lang='lat' dir='ltr'><strong>de</strong></span> <span class='ocrx_word' id='word_1_282' title='bbox 1910 3133 2155 3200; x_wconf 82' lang='lat' dir='ltr'><strong>finibus</strong></span> <span class='ocrx_word' id='word_1_283' title='bbox 2186 3131 2415 3218; x_wconf 88' lang='lat' dir='ltr'><strong>quibus</strong></span> <span class='ocrx_word' id='word_1_284' title='bbox 2444 3144 2703 3218; x_wconf 85' lang='lat' dir='ltr'><strong>praetor</strong></span> <span class='ocrx_word' id='word_1_285' title='bbox 2732 3155 2912 3198; x_wconf 87' lang='lat' dir='ltr'><strong>suum</strong></span> <span class='ocrx_word' id='word_1_286' title='bbox 2944 3144 3347 3219; x_wconf 80' lang='lat' dir='ltr'><strong>quaestorem</strong></span> <span class='ocrx_word' id='word_1_287' title='bbox 3374 3145 3703 3221; x_wconf 80' lang='lat' dir='ltr'><strong>praestare</strong></span> <span class='ocrx_word' id='word_1_288' title='bbox 3734 3135 3970 3200; x_wconf 85' lang='lat' dir='ltr'><strong>debue-</strong></span> 
     </span>
     <span class='ocr_line' id='line_1_28' title="bbox 813 3235 3969 3330; baseline -0.001 -24"><span class='ocrx_word' id='word_1_289' title='bbox 813 3239 895 3306; x_wconf 89' lang='lat' dir='ltr'><strong>rit</strong></span> <span class='ocrx_word' id='word_1_290' title='bbox 935 3238 1223 3330; x_wconf 86' lang='lat' dir='ltr'><strong>quaestio</strong></span> <span class='ocrx_word' id='word_1_291' title='bbox 1263 3235 1471 3324; x_wconf 73' lang='lat' dir='ltr'><strong>gravis</strong></span> <span class='ocrx_word' id='word_1_292' title='bbox 1515 3251 1580 3304; x_wconf 88' lang='lat' dir='ltr'><strong>et</strong></span> <span class='ocrx_word' id='word_1_293' title='bbox 1615 3238 2040 3318; x_wconf 72' lang='lat' dir='ltr'><strong>subdifficilis,</strong></span> <span class='ocrx_word' id='word_1_294' title='bbox 2083 3263 2271 3326; x_wconf 86' lang='lat' dir='ltr'><strong>qnam</strong></span> <span class='ocrx_word' id='word_1_295' title='bbox 2308 3250 2384 3304; x_wconf 87' lang='lat' dir='ltr'><strong>ut</strong></span> <span class='ocrx_word' id='word_1_296' title='bbox 2419 3237 2670 3325; x_wconf 84' lang='lat' dir='ltr'><strong>planius</strong></span> <span class='ocrx_word' id='word_1_297' title='bbox 2700 3260 3103 3325; x_wconf 81' lang='lat' dir='ltr'><strong>exponamus,</strong></span> <span class='ocrx_word' id='word_1_298' title='bbox 3148 3241 3341 3326; x_wconf 77' lang='lat' dir='ltr'><strong>paulo</strong></span> <span class='ocrx_word' id='word_1_299' title='bbox 3382 3240 3571 3308; x_wconf 87' lang='lat' dir='ltr'><strong>altius</strong></span> <span class='ocrx_word' id='word_1_300' title='bbox 3610 3253 3969 3328; x_wconf 82' lang='lat' dir='ltr'><strong>repetamus</strong></span> 
     </span>
     <span class='ocr_line' id='line_1_29' title="bbox 816 3343 3969 3436; baseline -0.001 -24"><span class='ocrx_word' id='word_1_301' title='bbox 816 3356 1092 3433; x_wconf 88' lang='lat' dir='ltr'><strong>oportet.</strong></span> <span class='ocrx_word' id='word_1_302' title='bbox 1155 3343 1411 3411; x_wconf 87' lang='lat' dir='ltr'><strong>Etiamsi</strong></span> <span class='ocrx_word' id='word_1_303' title='bbox 1441 3345 1606 3410; x_wconf 88' lang='lat' dir='ltr'><strong>enim</strong></span> <span class='ocrx_word' id='word_1_304' title='bbox 1639 3367 1715 3410; x_wconf 83' lang='lat' dir='ltr'><strong>ex</strong></span> <span class='ocrx_word' id='word_1_305' title='bbox 1741 3343 2032 3410; x_wconf 82' lang='lat' dir='ltr'><strong>instituto</strong></span> <span class='ocrx_word' id='word_1_306' title='bbox 2063 3356 2288 3410; x_wconf 88' lang='lat' dir='ltr'><strong>nostro</strong></span> <span class='ocrx_word' id='word_1_307' title='bbox 2323 3367 2401 3409; x_wconf 86' lang='lat' dir='ltr'><strong>ea</strong></span> <span class='ocrx_word' id='word_1_308' title='bbox 2424 3355 2666 3410; x_wconf 87' lang='lat' dir='ltr'><strong>tantum</strong></span> <span class='ocrx_word' id='word_1_309' title='bbox 2698 3344 2968 3424; x_wconf 78' lang='lat' dir='ltr'><strong>crimina,</strong></span> <span class='ocrx_word' id='word_1_310' title='bbox 3012 3367 3177 3436; x_wconf 88' lang='lat' dir='ltr'><strong>quae</strong></span> <span class='ocrx_word' id='word_1_311' title='bbox 3212 3345 3277 3411; x_wconf 89' lang='lat' dir='ltr'><strong>in</strong></span> <span class='ocrx_word' id='word_1_312' title='bbox 3322 3367 3391 3411; x_wconf 88' lang='lat' dir='ltr'><strong>re</strong></span> <span class='ocrx_word' id='word_1_313' title='bbox 3431 3344 3795 3433; x_wconf 86' lang='lat' dir='ltr'><strong>pecuniaria</strong></span> <span class='ocrx_word' id='word_1_314' title='bbox 3822 3367 3969 3410; x_wconf 73' lang='lat' dir='ltr'><strong>ven-</strong></span> 
     </span>
    </p>
   </div>
   <div class='ocr_carea' id='block_1_4' title="bbox 821 3527 1235 3538">
    <p class='ocr_par' dir='ltr' id='par_1_6' title="bbox 821 3527 1235 3538">
     <span class='ocr_line' id='line_1_30' title="bbox 821 3527 1235 3538; baseline 0 1937"><span class='ocrx_word' id='word_1_315' title='bbox 821 3527 1235 3538; x_wconf 95' lang='lat' dir='ltr'><strong> </strong></span> 
     </span>
    </p>
   </div>
   <div class='ocr_carea' id='block_1_5' title="bbox 828 3623 3975 4150">
    <p class='ocr_par' dir='ltr' id='par_1_7' title="bbox 828 3623 3975 4150">
     <span class='ocr_line' id='line_1_31' title="bbox 828 3632 884 3664; baseline 0 0"><span class='ocrx_word' id='word_1_316' title='bbox 828 3632 884 3664; x_wconf 74' lang='lat'><strong>8²</strong></span> 
     </span>
     <span class='ocr_line' id='line_1_32' title="bbox 893 3623 3973 3800; baseline -0 -29"><span class='ocrx_word' id='word_1_317' title='bbox 893 3634 918 3700; x_wconf 73' lang='grc'>&gt;</span> <span class='ocrx_word' id='word_1_318' title='bbox 962 3623 2896 3800; x_wconf 40' lang='lat' dir='ltr'><strong>ggll153113050ffl13q32⁸0gugffigsszetl‘22:¹3¹:jvelzllgzscsseptaaff</strong></span> <span class='ocrx_word' id='word_1_319' title='bbox 2909 3623 3408 3773; x_wconf 51' lang='grc' dir='ltr'>Ιὲἓιῖζηὲἰοῖξοξὶἰεν</span> <span class='ocrx_word' id='word_1_320' title='bbox 3421 3626 3973 3772; x_wconf 42' lang='lat' dir='ltr'><strong>iffssdgssnttifssagss</strong></span> 
     </span>
     <span class='ocr_line' id='line_1_33' title="bbox 963 3799 3969 3881; baseline -0 -22"><span class='ocrx_word' id='word_1_321' title='bbox 963 3823 1008 3859; x_wconf 86' lang='lat' dir='ltr'><strong>c.</strong></span> <span class='ocrx_word' id='word_1_322' title='bbox 1037 3802 1119 3870; x_wconf 80' lang='lat'><strong>10,</strong></span> <span class='ocrx_word' id='word_1_323' title='bbox 1156 3805 1207 3876; x_wconf 61' lang='grc' dir='ltr'><strong>ς.</strong></span> <span class='ocrx_word' id='word_1_324' title='bbox 1233 3804 1322 3860; x_wconf 84' lang='grc'>32.</span> <span class='ocrx_word' id='word_1_325' title='bbox 1390 3799 1612 3860; x_wconf 85' lang='lat' dir='ltr'><strong>Etiamsi</strong></span> <span class='ocrx_word' id='word_1_326' title='bbox 1649 3807 1788 3860; x_wconf 87' lang='lat' dir='ltr'><strong>enim</strong></span> <span class='ocrx_word' id='word_1_327' title='bbox 1827 3800 2092 3861; x_wconf 74' lang='lat' dir='ltr'><strong>Caecilius</strong></span> <span class='ocrx_word' id='word_1_328' title='bbox 2130 3814 2381 3881; x_wconf 85' lang='lat' dir='ltr'><strong>quaestor</strong></span> <span class='ocrx_word' id='word_1_329' title='bbox 2415 3799 2671 3880; x_wconf 73' lang='lat' dir='ltr'><strong>quantuni</strong></span> <span class='ocrx_word' id='word_1_330' title='bbox 2705 3810 2758 3859; x_wconf 88' lang='lat' dir='ltr'><strong>et</strong></span> <span class='ocrx_word' id='word_1_331' title='bbox 2794 3803 2988 3881; x_wconf 87' lang='lat' dir='ltr'><strong>quibus</strong></span> <span class='ocrx_word' id='word_1_332' title='bbox 3024 3803 3219 3860; x_wconf 85' lang='lat' dir='ltr'><strong>Verres</strong></span> <span class='ocrx_word' id='word_1_333' title='bbox 3255 3807 3478 3861; x_wconf 84' lang='lat' dir='ltr'><strong>iusserat</strong></span> <span class='ocrx_word' id='word_1_334' title='bbox 3513 3815 3757 3881; x_wconf 85' lang='lat' dir='ltr'><strong>prompte</strong></span> <span class='ocrx_word' id='word_1_335' title='bbox 3781 3803 3969 3860; x_wconf 80' lang='lat' dir='ltr'><strong>dissul-</strong></span> 
     </span>
     <span class='ocr_line' id='line_1_34' title="bbox 961 3891 3973 3971; baseline -0.001 -21"><span class='ocrx_word' id='word_1_336' title='bbox 961 3893 1053 3960; x_wconf 77' lang='lat' dir='ltr'><strong>vit,</strong></span> <span class='ocrx_word' id='word_1_337' title='bbox 1091 3901 1262 3948; x_wconf 81' lang='lat' dir='ltr'><strong>tamen</strong></span> <span class='ocrx_word' id='word_1_338' title='bbox 1295 3909 1369 3945; x_wconf 86' lang='lat' dir='ltr'><strong>ne</strong></span> <span class='ocrx_word' id='word_1_339' title='bbox 1401 3909 1502 3966; x_wconf 87' lang='lat' dir='ltr'><strong>qua</strong></span> <span class='ocrx_word' id='word_1_340' title='bbox 1538 3891 1786 3950; x_wconf 83' lang='lat' dir='ltr'><strong>deductio</strong></span> <span class='ocrx_word' id='word_1_341' title='bbox 1822 3911 1888 3949; x_wconf 80' lang='lat' dir='ltr'><strong>ex</strong></span> <span class='ocrx_word' id='word_1_342' title='bbox 1921 3896 2142 3970; x_wconf 81' lang='lat' dir='ltr'><strong>pecunia</strong></span> <span class='ocrx_word' id='word_1_343' title='bbox 2178 3892 2393 3969; x_wconf 78' lang='lat' dir='ltr'><strong>publica</strong></span> <span class='ocrx_word' id='word_1_344' title='bbox 2426 3892 2579 3950; x_wconf 82' lang='lat' dir='ltr'><strong>fieret</strong></span> <span class='ocrx_word' id='word_1_345' title='bbox 2602 3909 2795 3968; x_wconf 75' lang='lat' dir='ltr'><strong>magna</strong></span> <span class='ocrx_word' id='word_1_346' title='bbox 2838 3913 2905 3950; x_wconf 86' lang='lat' dir='ltr'><strong>ex</strong></span> <span class='ocrx_word' id='word_1_347' title='bbox 2948 3903 3096 3970; x_wconf 77' lang='lat' dir='ltr'><strong>parte</strong></span> <span class='ocrx_word' id='word_1_348' title='bbox 3140 3894 3397 3971; x_wconf 81' lang='lat' dir='ltr'><strong>impedire</strong></span> <span class='ocrx_word' id='word_1_349' title='bbox 3439 3895 3638 3970; x_wconf 73' lang='lat' dir='ltr'><strong>potuit,</strong></span> <span class='ocrx_word' id='word_1_350' title='bbox 3684 3893 3973 3968; x_wconf 72' lang='lat' dir='ltr'><strong>siquibus</strong></span> 
     </span>
     <span class='ocr_line' id='line_1_35' title="bbox 959 3979 3972 4056; baseline 0.001 -20"><span class='ocrx_word' id='word_1_351' title='bbox 959 3991 1014 4036; x_wconf 82' lang='lat' dir='ltr'><strong>et</strong></span> <span class='ocrx_word' id='word_1_352' title='bbox 1047 3990 1300 4056; x_wconf 80' lang='lat' dir='ltr'><strong>quantum</strong></span> <span class='ocrx_word' id='word_1_353' title='bbox 1332 3981 1532 4054; x_wconf 72' lang='lat' dir='ltr'><strong>cuique</strong></span> <span class='ocrx_word' id='word_1_354' title='bbox 1569 3979 1908 4038; x_wconf 77' lang='lat' dir='ltr'><strong>dissolvisset</strong></span> <span class='ocrx_word' id='word_1_355' title='bbox 1949 3992 2193 4040; x_wconf 82' lang='lat' dir='ltr'><strong>accurate</strong></span> <span class='ocrx_word' id='word_1_356' title='bbox 2228 3987 2283 4038; x_wconf 89' lang='lat' dir='ltr'><strong>in</strong></span> <span class='ocrx_word' id='word_1_357' title='bbox 2320 3980 2527 4038; x_wconf 78' lang='lat' dir='ltr'><strong>tabulas</strong></span> <span class='ocrx_word' id='word_1_358' title='bbox 2564 3980 2848 4039; x_wconf 74' lang='lat' dir='ltr'><strong>retulisset.</strong></span> <span class='ocrx_word' id='word_1_359' title='bbox 2918 3981 3081 4055; x_wconf 77' lang='lat' dir='ltr'><strong>Quod</strong></span> <span class='ocrx_word' id='word_1_360' title='bbox 3121 3982 3315 4038; x_wconf 73' lang='lat' dir='ltr'><strong>deinde</strong></span> <span class='ocrx_word' id='word_1_361' title='bbox 3350 3982 3541 4040; x_wconf 85' lang='lat' dir='ltr'><strong>Cicero</strong></span> <span class='ocrx_word' id='word_1_362' title='bbox 3586 3980 3740 4047; x_wconf 79' lang='lat' dir='ltr'><strong>dicit,</strong></span> <span class='ocrx_word' id='word_1_363' title='bbox 3790 3980 3972 4038; x_wconf 69' lang='lat' dir='ltr'><strong>Caeci-</strong></span> 
     </span>
     <span class='ocr_line' id='line_1_36' title="bbox 957 4053 3975 4150; baseline -0.001 -24"><span class='ocrx_word' id='word_1_364' title='bbox 957 4069 1090 4128; x_wconf 85' lang='lat' dir='ltr'><strong>lium</strong></span> <span class='ocrx_word' id='word_1_365' title='bbox 1126 4069 1410 4146; x_wconf 80' lang='lat' dir='ltr'><strong>prohibere</strong></span> <span class='ocrx_word' id='word_1_366' title='bbox 1441 4070 1708 4145; x_wconf 71' lang='lat' dir='ltr'><strong>potui-se,</strong></span> <span class='ocrx_word' id='word_1_367' title='bbox 1753 4089 1822 4127; x_wconf 75' lang='lat' dir='ltr'><strong>ns</strong></span> <span class='ocrx_word' id='word_1_368' title='bbox 1857 4053 2201 4130; x_wconf 78' lang='lat' dir='ltr'><strong>decumarum</strong></span> <span class='ocrx_word' id='word_1_369' title='bbox 2235 4074 2502 4150; x_wconf 77' lang='lat' dir='ltr'><strong>mancipes</strong></span> <span class='ocrx_word' id='word_1_370' title='bbox 2536 4091 2569 4128; x_wconf 80' lang='lat' dir='ltr'><strong>a</strong></span> <span class='ocrx_word' id='word_1_371' title='bbox 2604 4070 2903 4139; x_wconf 67' lang='lat' dir='ltr'><strong>civitatibus</strong></span> <span class='ocrx_word' id='word_1_372' title='bbox 2938 4091 3037 4147; x_wconf 87' lang='lat' dir='ltr'><strong>pto</strong></span> <span class='ocrx_word' id='word_1_373' title='bbox 3076 4069 3338 4130; x_wconf 85' lang='lat' dir='ltr'><strong>frumento</strong></span> <span class='ocrx_word' id='word_1_374' title='bbox 3373 4073 3649 4146; x_wconf 85' lang='lat' dir='ltr'><strong>pecuniam</strong></span> <span class='ocrx_word' id='word_1_375' title='bbox 3687 4073 3975 4146; x_wconf 79' lang='lat' dir='ltr'><strong>exigerent,</strong></span> 
     </span>
    </p>
   </div>
   <div class='ocr_carea' id='block_1_6' title="bbox 958 4158 3971 4323">
    <p class='ocr_par' dir='ltr' id='par_1_8' title="bbox 958 4158 3971 4323">
     <span class='ocr_line' id='line_1_37' title="bbox 958 4158 3971 4238; baseline -0.001 -22"><span class='ocrx_word' id='word_1_376' title='bbox 958 4159 1026 4218; x_wconf 82' lang='lat' dir='ltr'><strong>ad</strong></span> <span class='ocrx_word' id='word_1_377' title='bbox 1069 4160 1365 4236; x_wconf 86' lang='lat' dir='ltr'><strong>quaestoris</strong></span> <span class='ocrx_word' id='word_1_378' title='bbox 1401 4176 1576 4214; x_wconf 81' lang='lat' dir='ltr'><strong>euram</strong></span> <span class='ocrx_word' id='word_1_379' title='bbox 1611 4160 1861 4234; x_wconf 84' lang='lat' dir='ltr'><strong>pecuniae</strong></span> <span class='ocrx_word' id='word_1_380' title='bbox 1897 4161 2140 4236; x_wconf 86' lang='lat' dir='ltr'><strong>publicae</strong></span> <span class='ocrx_word' id='word_1_381' title='bbox 2177 4181 2282 4217; x_wconf 91' lang='lat' dir='ltr'><strong>non</strong></span> <span class='ocrx_word' id='word_1_382' title='bbox 2319 4163 2572 4237; x_wconf 83' lang='lat' dir='ltr'><strong>pertinet,</strong></span> <span class='ocrx_word' id='word_1_383' title='bbox 2619 4160 2714 4216; x_wconf 78' lang='lat' dir='ltr'><strong>sed</strong></span> <span class='ocrx_word' id='word_1_384' title='bbox 2760 4158 2826 4214; x_wconf 82' lang='lat' dir='ltr'><strong>ad</strong></span> <span class='ocrx_word' id='word_1_385' title='bbox 2872 4159 3290 4218; x_wconf 83' lang='lat' dir='ltr'><strong>iurisdictionem</strong></span> <span class='ocrx_word' id='word_1_386' title='bbox 3333 4179 3469 4238; x_wconf 84' lang='lat' dir='ltr'><strong>quae</strong></span> <span class='ocrx_word' id='word_1_387' title='bbox 3513 4161 3563 4215; x_wconf 89' lang='lat' dir='ltr'><strong>ei</strong></span> <span class='ocrx_word' id='word_1_388' title='bbox 3611 4169 3723 4214; x_wconf 83' lang='lat' dir='ltr'><strong>erat</strong></span> <span class='ocrx_word' id='word_1_389' title='bbox 3754 4161 3809 4214; x_wconf 90' lang='lat' dir='ltr'><strong>in</strong></span> <span class='ocrx_word' id='word_1_390' title='bbox 3848 4177 3971 4236; x_wconf 89' lang='lat' dir='ltr'><strong>pro-</strong></span> 
     </span>
     <span class='ocr_line' id='line_1_38' title="bbox 963 4243 2453 4323; baseline 0.002 -20"><span class='ocrx_word' id='word_1_391' title='bbox 963 4249 1128 4303; x_wconf 83' lang='lat' dir='ltr'><strong>vincia</strong></span> <span class='ocrx_word' id='word_1_392' title='bbox 1166 4243 1522 4320; x_wconf 80' lang='lat' dir='ltr'><strong>Lilybaetana,</strong></span> <span class='ocrx_word' id='word_1_393' title='bbox 1560 4244 1626 4301; x_wconf 88' lang='lat' dir='ltr'><strong>de</strong></span> <span class='ocrx_word' id='word_1_394' title='bbox 1664 4266 1763 4323; x_wconf 86' lang='lat' dir='ltr'><strong>qua</strong></span> <span class='ocrx_word' id='word_1_395' title='bbox 1800 4267 1857 4302; x_wconf 80' lang='lat' dir='ltr'><strong>re</strong></span> <span class='ocrx_word' id='word_1_396' title='bbox 1893 4247 1960 4305; x_wconf 81' lang='lat' dir='ltr'><strong>cf.</strong></span> <span class='ocrx_word' id='word_1_397' title='bbox 1998 4251 2051 4302; x_wconf 89' lang='lat' dir='ltr'><strong>in</strong></span> <span class='ocrx_word' id='word_1_398' title='bbox 2091 4247 2239 4305; x_wconf 86' lang='lat' dir='ltr'><strong>Verr.</strong></span> <span class='ocrx_word' id='word_1_399' title='bbox 2276 4247 2343 4315; x_wconf 87' lang='lat' dir='ltr'><strong>ll,</strong></span> <span class='ocrx_word' id='word_1_400' title='bbox 2373 4249 2453 4306; x_wconf 90' lang='lat'><strong>18.</strong></span> 
     </span>
    </p>
   </div>
   <div class='ocr_carea' id='block_1_7' title="bbox 829 4331 3979 4859">
    <p class='ocr_par' dir='ltr' id='par_1_9' title="bbox 832 4331 2540 4414">
     <span class='ocr_line' id='line_1_39' title="bbox 832 4331 2540 4414; baseline 0.001 -24"><span class='ocrx_word' id='word_1_401' title='bbox 832 4334 918 4405; x_wconf 76' lang='lat'><strong>³⁸)</strong></span> <span class='ocrx_word' id='word_1_402' title='bbox 968 4331 1079 4393; x_wconf 88' lang='lat' dir='ltr'><strong>Cic.</strong></span> <span class='ocrx_word' id='word_1_403' title='bbox 1117 4337 1220 4392; x_wconf 84' lang='lat' dir='ltr'><strong>div.</strong></span> <span class='ocrx_word' id='word_1_404' title='bbox 1257 4337 1312 4390; x_wconf 88' lang='lat' dir='ltr'><strong>in</strong></span> <span class='ocrx_word' id='word_1_405' title='bbox 1349 4333 1542 4393; x_wconf 84' lang='lat' dir='ltr'><strong>Caecil.</strong></span> <span class='ocrx_word' id='word_1_406' title='bbox 1579 4337 1667 4402; x_wconf 82' lang='lat'><strong>19,</strong></span> <span class='ocrx_word' id='word_1_407' title='bbox 1704 4331 1771 4392; x_wconf 85' lang='lat' dir='ltr'><strong>atl</strong></span> <span class='ocrx_word' id='word_1_408' title='bbox 1809 4335 1928 4393; x_wconf 77' lang='lat' dir='ltr'><strong>fam.</strong></span> <span class='ocrx_word' id='word_1_409' title='bbox 1963 4334 2109 4405; x_wconf 80' lang='lat' dir='ltr'><strong>xm,</strong></span> <span class='ocrx_word' id='word_1_410' title='bbox 2137 4336 2205 4394; x_wconf 84' lang='lat'><strong>10</strong></span> <span class='ocrx_word' id='word_1_411' title='bbox 2240 4347 2294 4394; x_wconf 88' lang='lat' dir='ltr'><strong>et</strong></span> <span class='ocrx_word' id='word_1_412' title='bbox 2329 4341 2540 4414; x_wconf 85' lang='lat' dir='ltr'><strong>passim.</strong></span> 
     </span>
    </p>

    <p class='ocr_par' dir='ltr' id='par_1_10' title="bbox 829 4421 1702 4494">
     <span class='ocr_line' id='line_1_40' title="bbox 829 4421 1702 4494; baseline 0 -14"><span class='ocrx_word' id='word_1_413' title='bbox 829 4425 914 4494; x_wconf 80' lang='lat'><strong>⁸⁴)</strong></span> <span class='ocrx_word' id='word_1_414' title='bbox 959 4421 1074 4480; x_wconf 87' lang='lat' dir='ltr'><strong>Cic.</strong></span> <span class='ocrx_word' id='word_1_415' title='bbox 1107 4427 1162 4480; x_wconf 88' lang='lat' dir='ltr'><strong>in</strong></span> <span class='ocrx_word' id='word_1_416' title='bbox 1197 4421 1350 4481; x_wconf 79' lang='lat' dir='ltr'><strong>Verr.</strong></span> <span class='ocrx_word' id='word_1_417' title='bbox 1384 4421 1518 4490; x_wconf 71' lang='lat' dir='ltr'><strong>1,ae</strong></span> <span class='ocrx_word' id='word_1_418' title='bbox 1539 4433 1596 4479; x_wconf 87' lang='lat' dir='ltr'><strong>et</strong></span> <span class='ocrx_word' id='word_1_419' title='bbox 1616 4427 1702 4482; x_wconf 70' lang='lat'><strong>39.</strong></span> 
     </span>
    </p>

    <p class='ocr_par' dir='ltr' id='par_1_11' title="bbox 834 4511 2227 4584">
     <span class='ocr_line' id='line_1_41' title="bbox 834 4511 2227 4584; baseline 0.002 -16"><span class='ocrx_word' id='word_1_420' title='bbox 834 4518 920 4584; x_wconf 82' lang='lat'><strong>⁸⁵)</strong></span> <span class='ocrx_word' id='word_1_421' title='bbox 971 4511 1085 4569; x_wconf 87' lang='lat' dir='ltr'><strong>Cic.</strong></span> <span class='ocrx_word' id='word_1_422' title='bbox 1121 4512 1184 4566; x_wconf 83' lang='lat' dir='ltr'><strong>ad</strong></span> <span class='ocrx_word' id='word_1_423' title='bbox 1223 4512 1343 4571; x_wconf 79' lang='lat' dir='ltr'><strong>fam.</strong></span> <span class='ocrx_word' id='word_1_424' title='bbox 1381 4511 1446 4579; x_wconf 78' lang='lat' dir='ltr'><strong>V,</strong></span> <span class='ocrx_word' id='word_1_425' title='bbox 1469 4517 1556 4579; x_wconf 86' lang='grc'>20,</span> <span class='ocrx_word' id='word_1_426' title='bbox 1593 4513 1659 4580; x_wconf 84' lang='lat'><strong>11,</strong></span> <span class='ocrx_word' id='word_1_427' title='bbox 1688 4518 1769 4578; x_wconf 85' lang='lat'><strong>17,</strong></span> <span class='ocrx_word' id='word_1_428' title='bbox 1806 4512 1873 4568; x_wconf 88' lang='lat' dir='ltr'><strong>ad</strong></span> <span class='ocrx_word' id='word_1_429' title='bbox 1908 4515 2020 4570; x_wconf 83' lang='lat' dir='ltr'><strong>Att.</strong></span> <span class='ocrx_word' id='word_1_430' title='bbox 2059 4513 2152 4581; x_wconf 89' lang='lat' dir='ltr'><strong>Vl,</strong></span> <span class='ocrx_word' id='word_1_431' title='bbox 2178 4519 2227 4572; x_wconf 87' lang='lat'><strong>7.</strong></span> 
     </span>
    </p>

    <p class='ocr_par' dir='ltr' id='par_1_12' title="bbox 836 4597 3979 4859">
     <span class='ocr_line' id='line_1_42' title="bbox 836 4597 3977 4678; baseline 0.001 -20"><span class='ocrx_word' id='word_1_432' title='bbox 836 4604 924 4672; x_wconf 80' lang='lat'><strong>⁸⁸)</strong></span> <span class='ocrx_word' id='word_1_433' title='bbox 974 4599 1088 4658; x_wconf 88' lang='lat' dir='ltr'><strong>Cic.</strong></span> <span class='ocrx_word' id='word_1_434' title='bbox 1137 4597 1201 4654; x_wconf 84' lang='lat' dir='ltr'><strong>ad</strong></span> <span class='ocrx_word' id='word_1_435' title='bbox 1251 4599 1370 4657; x_wconf 85' lang='lat' dir='ltr'><strong>fam.</strong></span> <span class='ocrx_word' id='word_1_436' title='bbox 1410 4597 1478 4667; x_wconf 84' lang='lat' dir='ltr'><strong>V,</strong></span> <span class='ocrx_word' id='word_1_437' title='bbox 1503 4603 1599 4655; x_wconf 79' lang='lat'><strong>20:</strong></span> <span class='ocrx_word' id='word_1_438' title='bbox 1646 4601 2002 4676; x_wconf 70' lang='lat' dir='ltr'><strong>Respondeo</strong></span> <span class='ocrx_word' id='word_1_439' title='bbox 2049 4622 2171 4667; x_wconf 81' lang='lat' dir='ltr'><strong>me,</strong></span> <span class='ocrx_word' id='word_1_440' title='bbox 2216 4621 2577 4678; x_wconf 66' lang='lat' dir='ltr'><strong>quamquam</strong></span> <span class='ocrx_word' id='word_1_441' title='bbox 2614 4608 2817 4662; x_wconf 67' lang='lat' dir='ltr'><strong>latuis-</strong></span> <span class='ocrx_word' id='word_1_442' title='bbox 2848 4604 2921 4662; x_wconf 69' lang='lat' dir='ltr'><strong>de</strong></span> <span class='ocrx_word' id='word_1_443' title='bbox 2956 4605 3171 4663; x_wconf 65' lang='lat' dir='ltr'><strong>causis</strong></span> <span class='ocrx_word' id='word_1_444' title='bbox 3212 4605 3788 4674; x_wconf 58' lang='lat' dir='ltr'><strong>radonoe·deferre</strong></span> <span class='ocrx_word' id='word_1_445' title='bbox 3828 4623 3977 4678; x_wconf 82' lang='lat' dir='ltr'><strong>pro·</strong></span> 
     </span>
     <span class='ocr_line' id='line_1_43' title="bbox 966 4690 3979 4768; baseline 0.002 -25"><span class='ocrx_word' id='word_1_446' title='bbox 966 4690 1263 4763; x_wconf 68' lang='lat' dir='ltr'><strong>perat-im,</strong></span> <span class='ocrx_word' id='word_1_447' title='bbox 1301 4699 1503 4745; x_wconf 70' lang='lat' dir='ltr'><strong>tumen</strong></span> <span class='ocrx_word' id='word_1_448' title='bbox 1541 4699 1601 4744; x_wconf 79' lang='lat' dir='ltr'><strong>te</strong></span> <span class='ocrx_word' id='word_1_449' title='bbox 1636 4701 2142 4763; x_wconf 74' lang='lat' dir='ltr'><strong>exspectaturum</strong></span> <span class='ocrx_word' id='word_1_450' title='bbox 2154 4696 2393 4762; x_wconf 77' lang='lat' dir='ltr'><strong>fuine,</strong></span> <span class='ocrx_word' id='word_1_451' title='bbox 2430 4697 2565 4750; x_wconf 72' lang='lat' dir='ltr'><strong>nisi</strong></span> <span class='ocrx_word' id='word_1_452' title='bbox 2585 4698 2655 4752; x_wconf 69' lang='lat' dir='ltr'><strong>in</strong></span> <span class='ocrx_word' id='word_1_453' title='bbox 2676 4696 3006 4768; x_wconf 74' lang='lat' dir='ltr'><strong>provincia</strong></span> <span class='ocrx_word' id='word_1_454' title='bbox 3032 4697 3288 4750; x_wconf 71' lang='lat' dir='ltr'><strong>relictae</strong></span> <span class='ocrx_word' id='word_1_455' title='bbox 3310 4696 3593 4751; x_wconf 60' lang='lat' dir='ltr'><strong>rationes</strong></span> <span class='ocrx_word' id='word_1_456' title='bbox 3610 4711 3736 4764; x_wconf 78' lang='lat' dir='ltr'><strong>pro·</strong></span> <span class='ocrx_word' id='word_1_457' title='bbox 3752 4697 3979 4750; x_wconf 72' lang='lat' dir='ltr'><strong>relatis</strong></span> 
     </span>
     <span class='ocr_line' id='line_1_44' title="bbox 970 4775 3975 4859; baseline 0.001 -26"><span class='ocrx_word' id='word_1_458' title='bbox 970 4779 1264 4833; x_wconf 62' lang='lat' dir='ltr'><strong>haberem.</strong></span> <span class='ocrx_word' id='word_1_459' title='bbox 1333 4775 1690 4850; x_wconf 76' lang='lat' dir='ltr'><strong>Quamobrem</strong></span> <span class='ocrx_word' id='word_1_460' title='bbox 1727 4776 1872 4851; x_wconf 76' lang='lat' dir='ltr'><strong>qaod</strong></span> <span class='ocrx_word' id='word_1_461' title='bbox 1909 4775 2132 4835; x_wconf 73' lang='lat' dir='ltr'><strong>Cicero·</strong></span> <span class='ocrx_word' id='word_1_462' title='bbox 2125 4782 2193 4834; x_wconf 84' lang='grc' dir='ltr'>·ἰιι</span> <span class='ocrx_word' id='word_1_463' title='bbox 2231 4779 2336 4837; x_wconf 83' lang='lat' dir='ltr'><strong>Pis.</strong></span> <span class='ocrx_word' id='word_1_464' title='bbox 2359 4785 2433 4838; x_wconf 77' lang='grc'>25</span> <span class='ocrx_word' id='word_1_465' title='bbox 2470 4779 2737 4840; x_wconf 64' lang='lat' dir='ltr'><strong>Pisonem</strong></span> <span class='ocrx_word' id='word_1_466' title='bbox 2752 4783 2881 4840; x_wconf 67' lang='lat' dir='ltr'><strong>facit</strong></span> <span class='ocrx_word' id='word_1_467' title='bbox 2923 4781 3267 4859; x_wconf 76' lang='lat' dir='ltr'><strong>loquentemz·</strong></span> <span class='ocrx_word' id='word_1_468' title='bbox 3299 4783 3631 4837; x_wconf 72' lang='lat' dir='ltr'><strong>Rationem</strong></span> <span class='ocrx_word' id='word_1_469' title='bbox 3674 4781 3758 4836; x_wconf 68' lang='lat' dir='ltr'><strong>nd</strong></span> <span class='ocrx_word' id='word_1_470' title='bbox 3800 4801 3975 4837; x_wconf 77' lang='lat' dir='ltr'><strong>aera·</strong></span> 
     </span>
    </p>
   </div>
   <div class='ocr_carea' id='block_1_8' title="bbox 967 4865 3976 5031">
    <p class='ocr_par' dir='ltr' id='par_1_13' title="bbox 967 4865 3976 5031">
     <span class='ocr_line' id='line_1_45' title="bbox 967 4865 3976 4968; baseline 0.001 -46"><span class='ocrx_word' id='word_1_471' title='bbox 967 4869 1136 4922; x_wconf 75' lang='lat' dir='ltr'><strong>rium</strong></span> <span class='ocrx_word' id='word_1_472' title='bbox 1173 4866 1370 4921; x_wconf 69' lang='lat' dir='ltr'><strong>retuli</strong></span> <span class='ocrx_word' id='word_1_473' title='bbox 1405 4869 1729 4932; x_wconf 68' lang='lat' dir='ltr'><strong>continno,</strong></span> <span class='ocrx_word' id='word_1_474' title='bbox 1768 4869 1936 4922; x_wconf 69' lang='lat' dir='ltr'><strong>sucat</strong></span> <span class='ocrx_word' id='word_1_475' title='bbox 1969 4877 2085 4924; x_wconf 75' lang='lat' dir='ltr'><strong>tua</strong></span> <span class='ocrx_word' id='word_1_476' title='bbox 2121 4865 2423 4939; x_wconf 66' lang='lat' dir='ltr'><strong>(Caesaris)</strong></span> <span class='ocrx_word' id='word_1_477' title='bbox 2454 4873 2567 4928; x_wconf 68' lang='lat' dir='ltr'><strong>lea·</strong></span> <span class='ocrx_word' id='word_1_478' title='bbox 2600 4873 2872 4940; x_wconf 64' lang='grc' dir='ltr'>ἀφῶσι,</span> <span class='ocrx_word' id='word_1_479' title='bbox 2913 4870 3011 4968; x_wconf 76' lang='lat' dir='ltr'><strong>ad</strong></span> <span class='ocrx_word' id='word_1_480' title='bbox 3004 4873 3387 4928; x_wconf 72' lang='lat' dir='ltr'><strong>necessitatem</strong></span> <span class='ocrx_word' id='word_1_481' title='bbox 3424 4878 3547 4927; x_wconf 77' lang='lat' dir='ltr'><strong>ante</strong></span> <span class='ocrx_word' id='word_1_482' title='bbox 3580 4867 3856 4926; x_wconf 76' lang='lat' dir='ltr'><strong>decessum</strong></span> <span class='ocrx_word' id='word_1_483' title='bbox 3894 4891 3976 4926; x_wconf 86' lang='lat' dir='ltr'><strong>re-</strong></span> 
     </span>
     <span class='ocr_line' id='line_1_46' title="bbox 967 4952 2405 5031; baseline 0.003 -21"><span class='ocrx_word' id='word_1_484' title='bbox 967 4952 1298 5011; x_wconf 81' lang='lat' dir='ltr'><strong>ferendarum</strong></span> <span class='ocrx_word' id='word_1_485' title='bbox 1333 4955 1594 5011; x_wconf 77' lang='lat' dir='ltr'><strong>rationum</strong></span> <span class='ocrx_word' id='word_1_486' title='bbox 1631 4957 1898 5031; x_wconf 83' lang='lat' dir='ltr'><strong>pertinere</strong></span> <span class='ocrx_word' id='word_1_487' title='bbox 1931 4955 2271 5014; x_wconf 80' lang='lat' dir='ltr'><strong>statuendum</strong></span> <span class='ocrx_word' id='word_1_488' title='bbox 2306 4968 2405 5014; x_wconf 84' lang='lat' dir='ltr'><strong>est.</strong></span> 
     </span>
    </p>
   </div>
   <div class='ocr_carea' id='block_1_9' title="bbox 4262 764 4270 1595">
    <p class='ocr_par' dir='ltr' id='par_1_14' title="bbox 4262 764 4270 1595">
     <span class='ocr_line' id='line_1_47' title="bbox 4262 764 4270 1595; baseline 0 0"><span class='ocrx_word' id='word_1_489' title='bbox 4262 764 4270 1595; x_wconf 95' lang='lat' dir='ltr'><strong> </strong></span> 
     </span>
    </p>
   </div>
   <div class='ocr_carea' id='block_1_10' title="bbox 4261 2492 4270 3358">
    <p class='ocr_par' dir='ltr' id='par_1_15' title="bbox 4261 2492 4270 3358">
     <span class='ocr_line' id='line_1_48' title="bbox 4261 2492 4270 3358; baseline 0 0"><span class='ocrx_word' id='word_1_490' title='bbox 4261 2492 4270 3358; x_wconf 95' lang='lat' dir='ltr'><strong> </strong></span> 
     </span>
    </p>
   </div>
  </div>
 </body>
</html>
