4300 5475
1870 323 1950 466 ’9

344 610 654 695 promittit
700 617 807 671 aut
849 625 1031 671 suum
1075 603 1432 673 debitorem
1475 603 1752 690 delegat,
1809 616 1878 669 ut
1933 607 2075 691 ipse
2127 614 2241 667 aut
2295 602 2455 669 alter
2510 602 2735 669 eodem
2782 604 2989 671 aliove
3036 605 3187 671 loco
3230 618 3294 671 et
3335 619 3495 674 tem-

341 735 506 799 pore
549 734 836 778 nummos
881 714 1162 799 accipiat.
1223 711 1443 775 Veluti
1489 710 1744 787 Cicero,
1787 713 1898 794 qui
1941 709 2078 774 filio
2111 710 2375 773 Athenis
2408 714 2819 775 commoranti
2856 723 3171 798 sumptum
3221 734 3495 791 annuum

343 820 480 884 dari
523 819 659 884 vult
703 842 824 884 nec
865 821 1197 906 pecuniam
1245 838 1432 902 quam
1471 820 1676 882 mittat
1717 815 1920 895 habet,
1963 826 2144 902 rogat
2189 817 2465 880 Atticum
2510 827 2581 879 ut
2622 828 2939 903 permutet
2992 819 3271 885 Athenas
3318 820 3495 906 quod

339 926 436 989 illi
477 929 558 989 sit
603 930 668 989 in
716 946 990 990 aunuum
1035 934 1374 1009 sumptum,
1431 944 1503 987 se
1554 924 1887 1009 pecuniam
1943 923 2066 986 hoc
2119 920 2316 986 modo
2375 918 2497 985 sibi
2546 932 2825 987 mutuam
2886 922 3093 987 datam
3138 925 3496 992 soluturum

339 1052 500 1110 esse,
547 1030 924 1115 simulatque
952 1031 1114 1094 Eros
1163 1028 1416 1115 quidam
1461 1028 1744 1093 debitum
1789 1030 2232 1093 numeraverit.
2296 1029 2617 1093 Permutat
2661 1031 2849 1114 igitur
2881 1028 3111 1094 Cicero
3158 1036 3495 1115 pecuniam

341 1158 528 1224 quam
575 1138 736 1202 Eros
784 1134 976 1201 debet
1020 1140 1292 1221 pecunia
1346 1157 1511 1221 quae
1575 1134 1656 1200 ab
1703 1137 1916 1199 Attico
1966 1134 2229 1199 Athenis
2282 1134 2591 1220 praestari
2648 1132 2872 1214 debet,
2931 1146 2994 1199 et
3050 1138 3298 1201 Atticus
3356 1162 3495 1205 eum

339 1243 544 1309 altero
595 1251 909 1329 permutat
959 1244 1291 1327 pecuniam
1349 1262 1534 1327 quam
1580 1251 1977 1328 praesentem
2033 1239 2143 1304 dat
2195 1243 2471 1325 >pecunia
2526 1260 2687 1324 quae
2743 1238 2835 1302 illi
2892 1239 3167 1306 debetur
3211 1246 3495 1310 Athenis.

341 1348 588 1413 Eodem
641 1346 835 1413 modo
891 1346 1130 1413 Cicero
1185 1369 1327 1411 cum
1373 1348 1586 1412 Attico
1642 1349 2169 1433 permutationem
2226 1346 2403 1421 lecit,
2462 1366 2603 1408 cum
2646 1348 2715 1409 in
2760 1342 3043 1410 Ciliciam
3092 1350 3495 1432 profecturus

337 1454 422 1519 ab
467 1454 582 1520 illo
625 1456 952 1541 pecuniam
999 1464 1279 1519 mutuam
1326 1464 1620 1531 sumeret,
1679 1475 1840 1539 quae
1889 1474 2024 1519 non
2073 1456 2322 1517 Romae
2378 1454 2583 1516 statim
2638 1450 2755 1514 sed
2808 1452 2875 1515 in
2923 1450 3145 1519 Cilicia
3189 1466 3340 1539 post
3383 1458 3495 1521 ad-

337 1571 596 1625 veutum
654 1558 776 1624 sibi
831 1570 1414 1645 repraesentaretur
1433 1561 1526 1640 ⁸).
1597 1560 1806 1648 ,Quae
1862 1581 2003 1623 cum
2057 1561 2145 1623 ita
2204 1566 2451 1632 essent,
2506 1557 2589 1618 sia
2618 1566 2991 1641 quaestores
3044 1562 3495 1643 proconsulem

334 1668 674 1730 iussissent
715 1667 784 1730 in
825 1668 1158 1753 provincia
1203 1688 1240 1729 a
1285 1664 1644 1751 publicanis
1693 1668 1934 1753 exigere
1979 1662 2160 1750 quod.
2204 1662 2297 1728 illi
2325 1665 2577 1728 Romae
2612 1663 3219 1748 repraesentandum
3249 1671 3493 1734 aerario

337 1769 678 1851 deberent,
729 1775 1106 1858 permutatio
1153 1790 1286 1835 nou
1331 1770 1570 1847 fuisset,
1617 1770 1730 1835 sed
1775 1769 2093 1856 delegatio
2134 1767 2466 1833 debitoris.
2549 1770 2790 1853 Neque
2836 1770 3043 1834 tamen
3089 1770 3211 1834 bac
3250 1775 3495 1839 ratione

334 1879 656 1963 negotium
701 1876 996 1963 explicari
1040 1880 1268 1964 potuit.
1357 1877 1518 1940 Nam
1563 1896 1704 1939 cum
1750 1878 1986 1940 nummi
2031 1875 2167 1940 fere
2212 1896 2467 1959 semper
2508 1884 2617 1939 aut
2662 1874 2865 1960 pluris
2910 1884 3020 1939 aut
3062 1878 3325 1940 minoris
3362 1878 3496 1942 Ro-

331 1984 474 2046 mae
517 2006 701 2069 quam
733 1988 814 2048 in
857 1985 1204 2069 provinciis
1250 1981 1556 2058 venirent,
1599 1983 1876 2067 pecunia
1905 1982 2150 2046 Romae
2196 1980 2503 2046 solvenda
2548 1983 2613 2044 in
2656 1984 2991 2065 provincia
3036 1986 3499 2067 repraesentari

330 2108 468 2153 non
513 2094 746 2175 potuit,
801 2088 954 2175 quin
999 2089 1292 2153 damnum
1337 2088 1620 2156 facerent
1665 2098 1772 2151 aut
1814 2085 2143 2173 publicani
2188 2098 2297 2152 aut
2340 2088 2669 2152 aerarium.
2748 2086 3195 2175 'Quamobrem
3240 2110 3497 2174 permu-

325 2204 472 2258 tare
519 2195 811 2261 solebant
858 2204 1230 2279 quaestores
1273 2216 1415 2258 cum
1465 2191 1824 2279 publicanis
1881 2196 2217 2279 pecuniam
2263 2194 2507 2258 Romae
2565 2191 2999 2277 accipiendam
3050 2192 3157 2256 illa
3212 2216 3375 2279 quae
3430 2199 3496 2261 in

327 2302 688 2385 provinciis
717 2298 1228 2387 'proconsulibus
1273 2300 1726 2387 praestaretur-3
1773 2319 1904 2383 quo
1951 2297 2187 2364 factum
2228 2309 2327 2362 est
2372 2306 2441 2361 ut
2484 2318 2631 2361 raro
2678 2297 2943 2363 eandem
2981 2320 3313 2380 summam,
3356 2301 3495 2387 ple-

328 2426 604 2492 rumque
647 2408 944 2473 maiorem
989 2408 1384 2472 minoremve
1429 2408 1812 2491 acciperent.
1897 2404 2146 2471 Eodem
2192 2402 2385 2469 modo
2432 2398 2877 2488 proconsules,
2924 2406 3030 2488 qui
3078 2405 3343 2470 Romam
3387 2428 3501 2491 pe-

327 2516 583 2579 cuniam
623 2518 874 2579 mittere
915 2512 1240 2589 volebant,
1283 2514 1612 2598 pecuniam
1656 2508 1975 2596 publicam
2003 2508 2466 2595 pei-mutabant,
2512 2508 2709 2573 veluti
2742 2507 2979 2574 Cicero
3012 2507 3095 2573 ad
3126 2510 3265 2575 fam.
3299 2513 3377 2591 11,
3414 2518 3495 2583 17

325 2618 658 2705 gloriatur,
701 2642 774 2685 se
815 2634 974 2684 cum'
1007 2625 1276 2704 quaestu
1318 2616 1542 2703 populi
1583 2615 1918 2703 pecuniam
1959 2628 2369 2703 permutasse.
2460 2614 2843 2698 Plerumque
2886 2624 3093 2680 tamen
3140 2616 3257 2696 illi,
3314 2640 3498 2705 prae-

323 2722 524 2789 dibus
569 2728 848 2813 acceptis
891 2736 964 2790 ut
1005 2723 1256 2812 populo
1303 2734 1554 2790 cautum
1599 2734 1770 2789 esset
1811 2726 1948 2788 sine
1989 2732 2289 2788 vecturae
2332 2721 2639 2808 periculo,
2684 2723 2808 2807 ipsi
2850 2743 2971 2808 per
3014 2724 3335 2808 mancipes
3380 2747 3497 2811 pe-

327 2833 582 2897 cuniam
626 2835 892 2898 Romam
937 2829 1400 2918 deportandam
1447 2829 1754 2896 curabant
1774 2831 1874 2915 ²⁹);
1927 2851 2143 2916 neque
2188 2829 2253 2894 id
2298 2833 2549 2908 mirum,
2602 2849 2745 2893 nam
2788 2831 2935 2892 cum
2978 2831 3249 2913 pecunia
3294 2831 3494 2898 multo

321 2935 622 3024 pluribus
665 2937 967 3003 mittenda
1013 2949 1182 3002 esset
1223 2957 1297 3001 cx
1340 2937 1688 3021 provinciis
1729 2937 1996 3001 Romam
2041 2957 2229 3021 quam
2268 2937 2475 3001 Roma
2520 2938 2586 3000 in
2630 2937 3023 3021 provincias,
3068 2935 3205 2999 fere
3248 2957 3497 3024 semper

323 3045 452 3106 nisi
500 3045 816 3129 iniquiore
861 3043 1232 3108 conditione
1275 3063 1409 3106 non
1454 3045 1664 3128 potuit
1707 3043 2048 3127 permutari
2093 3044 2378 3107 Romam.
2971 3084 2979 3093 ·

506 3149 827 3235 Explicata
871 3154 1018 3229 iam,
1068 3159 1368 3234 quantum
1411 3149 1556 3212 fieri
1597 3151 1834 3234 potuit,
1887 3147 2273 3212 decernendi
2304 3158 2381 3212 ‘et
2426 3145 2813 3212 attribuendi
2854 3158 3143 3234 sumptus
3188 3152 3496 3234 praetorii

323 3257 596 3334 ratione,
644 3254 1170 3340 quemadmodum
1217 3253 1642 3322 administrata
1687 3255 1770 3316 sit
1809 3253 1917 3316 illa
1961 3257 2234 3339 pecunia
2295 3253 2598 3338 deinceps
2650 3251 2859 3317 nobis'
2886 3253 3333 3339 exponendum
3380 3265 3493 3320 est.

323 3361 480 3450 Qua
527 3363 590 3426 in
636 3383 706 3426 re
751 3383 891 3426 cum
945 3362 1303 3446 quaestoris
1357 3381 1508 3424 cura
1562 3361 1958 3445 potimimum
1999 3371 2399 3438 versaretur,
2454 3362 2591 3424 eius
2648 3360 2939 3422 nimimm
2994 3363 3119 3444 qui·
3160 3381 3373 3424 comes
3430 3371 3493 3425 et

327 3463 590 3532 adiutor
631 3469 1024 3553 negotiorum
1069 3464 1474 3552 publicorum
1519 3464 1891 3552 proconsuli
1937 3463 2269 3530 adiunctus
2320 3475 2468 3543 erat,
2515 3475 2661 3529 ante
2705 3465 2915 3528 omnia
2964 3463 3152 3529 nobis
3186 3465 3493 3530 definien-

329 3568 481 3634 dum
528 3580 648 3648 est,
709 3593 872 3657 quae
933 3573 1094 3634 ratio
1149 3571 1240 3634 illi
1297 3593 1436 3636 cum
1491 3569 1880 3658 proconsule
1939 3573 2362 3635 intercesserit
2408 3583 2473 3635 et
2519 3569 2751 3656 quibus
2796 3569 3037 3635 finibus
3085 3575 3219 3635 eius
3264 3591 3491 3636 munus

329 3679 860 3764 circumscriptum
908 3677 1113 3742 fuerit.
1187 3677 1444 3764 Triplex
1489 3687 1690 3741 autem
1738 3675 1992 3741 videtur
2036 3677 2247 3755 fuisse,
2297 3676 2470 3763 quod
2504 3676 2582 3740 ad
2613 3670 2775 3741 hanc
2806 3699 2937 3742 rem
2985 3679 3220 3754 attinet,
3264 3698 3491 3743 munus

332 3784 710 3866 quaestoris.
809 3785 892 3850 Et
957 3787 1222 3870 primum
1291 3783 1546 3871 quidem
1609 3773 1958 3869 accipiebat
2009 3785 2341 3869 pecuniam
2395 3781 2714 3869 publicam
2772 3803 3041 3869 omnem,
3096 3801 3237 3846 nou
3286 3783 3493 3850 solum

327 3905 499 3972 quae
537 3874 820 3974 praetori
865 3888 1161 3955 attributa
1205 3901 1358 3969 erat,
1402 3890 1522 3956 sed
1565 3894 1748 3956 etiam
1794 3911 1960 3976 quae
2001 3891 2072 3954 in
2114 3893 2447 3975 provincia
2489 3886 2747 3975 publica
2796 3899 2931 3956 erat
2972 3909 3098 3952 nec
3134 3909 3254 3973 per
3284 3888 3491 3975 publi-

329 4011 526 4057 canos
581 3996 943 4081 exigebatur
957 3997 1050 4080 ³⁸).
1141 3995 1402 4062 Deinde
1455 3999 1810 4084 quaestoris
1865 4003 1999 4059 erat
2052 3998 2389 4082 pecuniam
2445 3993 2761 4078 publicam
2818 3991 3111 4058 alicunde
3168 4006 3487 4080 acceptam

334 4096 666 4186 diligenter
724 4123 1046 4166 asservare
1107 4111 1170 4166 et
1228 4105 1294 4166 in
1356 4123 1537 4166 usum
1561 4102 1567 4108 ’
1593 4100 1918 4190 publicum
1979 4101 2358 4188 erogandam
2418 4121 2558 4164 cum
2612 4098 2746 4163 fide
2804 4095 3177 4165 dissolvere.
3278 4099 3488 4188 Quam

332 4223 464 4267 rem
506 4215 712 4271 tamen
758 4217 996 4272 tantum
1040 4207 1242 4273 abfuit
1286 4218 1356 4272 ut
1404 4229 1523 4273 suo
1569 4208 1876 4273 arbitratu
1921 4217 2237 4287 tractaret,
2294 4217 2369 4294 ut
2419 4218 2590 4273 totus
2636 4201 2949 4290 penderet
2994 4226 3068 4269 ex
3115 4209 3489 4272 auctoritate

336 4315 401 4368 et
443 4323 599 4376 nutu
643 4315 1070 4398 proconsulis.
1137 4317 1366 4400 Neque
1406 4318 1570 4379 enim
1615 4314 1822 4382 solum
1844 4315 1948 4390 ‚ab
1995 4315 2140 4402 ipso
2190 4296 2547 4404 quaestore,
2592 4313 2649 4374 si
2692 4309 2844 4396 quid
2888 4312 3131 4376 iniussu
3174 4312 3486 4394 praetoris

335 4423 566 4498 egerat,
619 4419 892 4504 pecunia
945 4417 1048 4482 vel
1097 4420 1478 4508 negligentia
1521 4425 1658 4485 eius
1700 4424 1924 4484 amissa
1967 4421 2071 4485 vel
2117 4431 2341 4486 contra
2382 4419 2553 4504 leges
2598 4414 2907 4485 dissoluta
2949 4414 3363 4499 repetebatur
3381 4417 3485 4498 ³¹);

338 4604 426 4670 ⁸⁰)
477 4601 558 4660 De
591 4603 678 4664 ht·
707 4607 965 4687 exemplis
997 4609 1072 4666 οἵ.
1109 4607 1226 4668 Cic.
1258 4611 1328 4668 ad
1362 4611 1475 4670 Au.
1497 4610 1634 4680 XV,
1652 4615 1744 4678 15,
1782 4608 1849 4679 V,
1879 4615 1944 4669 13
1967 4622 2024 4668 et
2047 4616 2133 4669 15.

337 4695 426 4762 ”)
473 4689 594 4750 cie
625 4694 690 4751 od
725 4693 842 4756 fau.
878 4697 946 4764 11,
987 4703 1068 4756 17.

336 4783 430 4850 ³⁰)
475 4779 614 4838 Vide
649 4779 766 4839 cie.
797 4787 852 4840 in
885 4788 1038 4848 Verr.
1073 4786 1114 4857 I,
1141 4791 1224 4856 13,
1259 4787 1326 4845 ad
1363 4787 1484 4847 fam.
1517 4789 1750 4858 XII,14.
1786 4789 1854 4858 X,
1875 4793 1950 4847 23
1983 4797 2042 4846 et
2073 4740 2367 4866 permultos
2402 4790 2569 4866 locos,
2610 4789 2805 4866 quibus
2838 4787 3032 4867 paeda
3068 4787 3260 4845 dicutur
3292 4783 3482 4843 tradita

469 4888 592 4928 esce
625 4876 912 4948 quaestori,
945 4885 1010 4932 ut
1039 4878 1090 4933 is
1126 4876 1380 4934 venderet
1413 4887 1484 4934 ct
1499 4879 1566 4935 in
1583 4878 1868 4956 publicum
1901 4878 2180 5016 redigeret.

337 4954 588 5028 ⁸²)cic.
623 4959 690 5015 ad
727 4959 848 5020 fam.
887 4959 952 5032 V,
975 4969 1064 5036 20,
1098 4965 1358 5038 §Necte

2954 5077 2991 5130 2
