4300 5475
2270 348 2395 435 24

748 583 899 667 quin
945 578 1557 664 praetores·amicos
1603 576 1670 639 in
1713 574 2108 659 provinciam
2158 576 2339 657 quasi
2383 577 2449 637 in
2493 571 2797 659 praedam
2844 582 3060 659 aperte
3112 575 3453 639 invitarent
3474 577 3569 659 ⁷²).
3660 578 3917 663 Duplex

745 673 936 756 igitur
983 679 1117 731 erat
1161 688 1358 753 genus
1407 686 1628 728 eorum
1674 660 1779 746 qui
1829 663 2207 745 praetoriam
2257 663 2583 728 cohortem
2630 661 3127 728 constituebant:
3178 684 3368 728 unum
3418 678 3553 731 erat
3600 670 3707 752 qui
3742 690 3921 752 prae-

751 761 874 821 tori
922 754 1182 842 publice
1231 751 1551 817 adiutores
1601 749 1730 813 dati
1778 748 1857 812 de
1906 748 2169 834 publico
2217 748 2473 815 cibaria.
2510 749 2933 837 accipiebant,
2992 750 3255 816 alterum
3314 773 3530 817 eorum
3594 758 3702 839 qui
3760 755 3924 820 ultra

745 845 1083 930 legitimum
1129 864 1456 907 numerum
1505 851 1860 925 praetorem
1909 842 2160 924 sequuti
2209 843 2451 903 aerario
2498 862 2632 905 non
2682 849 2861 903 erant
2907 842 3202 925 sumptui.
3274 840 3407 905 Illis
3457 864 3595 905 cum
3642 842 3922 910 honores

743 930 1220 1007 mandabantur,
1251 928 1522 992 formula
1549 938 1678 990 erat
1710 924 2054 1004 sollemniS‚
2079 934 2379 1012 praetor
2403 924 2621 1014 dejert
2648 924 2940 1017 aliquem
2976 926 3075 992 ad
3101 926 3451 991 aerarium
3473 932 3919 1018 praejectum,

749 1021 1092 1086 tribunum
1152 1030 1298 1095 cet„
1362 1017 1458 1080 his
1518 1014 1846 1078 dicebatur
1899 1026 2162 1099 praetor
2220 1015 2467 1079 deterre
2526 1016 3012 1101 praefecturam,
3070 1014 3481 1095 tribunatum,
3548 1030 3703 1098 cet„
3760 1042 3922 1106 quae

745 1122 952 1175 tamen
1001 1107 1270 1173 formula
1318 1108 1502 1170 etiam
1551 1101 1632 1167 de
1679 1102 1804 1167 illis
1850 1113 2325 1189 rectepoterat
2370 1104 2677 1172 adhiberi.

923 1197 1110 1283 Quos
1157 1192 1446 1259 secundo
1496 1189 1708 1255 ordini
1753 1189 2229 1277 adscripsimus,
2280 1214 2498 1259 eorum
2548 1192 2651 1257 alii
2694 1193 2977 1257 honores
3022 1193 3449 1278 provinciales
3494 1193 3613 1259 sibi
3660 1209 3921 1282 expete·

742 1286 900 1351 bant
945 1296 1014 1348 ut
1060 1282 1310 1370 populo
1357 1302 1428 1343 sc
1474 1278 1991 1343 commendarent
2038 1291 2102 1344 et
2147 1280 2387 1347 aditum
2434 1280 2557 1345 sibi
2602 1280 2680 1345 ad
2728 1280 3010 1347 urbanos
3042 1284 3438 1367 magistratus
3470 1282 3921 1368 patefacerent,

743 1374 864 1450 alii,
911 1373 1286 1458 plerumque
1333 1370 1776 1453 negotiatoreS,
1827 1378 1895 1431 ut
1939 1372 2333 1453 magistratus
2381 1372 2755 1434 auctoritate
2803 1380 2863 1432 et
2909 1373 2971 1433 vi
3018 1371 3309 1432 instructi
3344 1392 3481 1434 cum
3516 1370 3635 1435 alia
3666 1377 3922 1459 negotia

739 1466 985 1549 privata
1027 1455 1426 1524 ‘commodius
1471 1465 1829 1534 tractarent,
1876 1466 2006 1519 tum
2054 1456 2434 1521 hereditates
2483 1468 2543 1522 et
2577 1456 2971 1543 syngraphas
3006 1457 3330 1521 efficacius
3362 1471 3917 1545 persequerentur.

741 1550 860 1629 llli,
909 1572 1050 1614 cum
1095 1550 1379 1630 iniquum
1425 1554 1592 1607 esset
1637 1554 1708 1607 ut
1754 1566 1876 1609 suo
1920 1557 2178 1630 sumptu
2223 1544 2617 1631 reipublicae
2664 1566 2923 1631 operam
2968 1558 3301 1624 navarent,
3350 1568 3425 1609 ex
3466 1554 3785 1632 praetoris
3834 1553 3921 1613 ci-

740 1639 934 1705 bariis
983 1657 1110 1722 quo
1157 1656 1229 1697 se
1271 1654 1558 1717 suosque
1603 1632 1850 1699 alerent
1891 1632 2195 1698 videntur
2238 1637 2561 1719 accepisse
2592 1636 3052 1719 co'ngiariorum
3084 1638 3365 1710 nomine3
3410 1657 3537 1699 vox
3569 1641 3731 1701 enim
3764 1659 3921 1704 con-

739 1730 918 1813 giarii
971 1744 1221 1808 semper
1265 1720 1346 1787 ad
1393 1721 1630 1787 donum
1678 1732 1952 1807 spectat,
2009 1732 2072 1786 et
2130 1725 2463 1807 congiariis
2522 1722 2744 1787 donati
2806 1744 2945 1789 esse
3002 1721 3339 1787 traduntur
3398 1733 3459 1787 et
3506 1726 3579 1789 L.
3625 1727 3919 1807 Plancus,

745 1814 1040 1881 Caesaris
1089 1811 1328 1897 legatus
1377 1820 1441 1873 et
1487 1811 1665 1872 amici
1714 1812 1821 1897 qui
1869 1810 2220 1895 Augustum
2266 1814 2769 1897 peregrinantem
2818 1811 3282 1876 comitabantur
3304 1811 3397 1893 ⁷⁸).
3479 1810 3787 1879 Ceterum
3831 1817 3918 1879 ita

741 1906 1198 1967 inveteraverat
1243 1900 1308 1962 in
1354 1897 1685 1985 republica
1730 1899 2165 1962 Romanorum
2198 1902 2317 1962 iam
2349 1922 2384 1962 a
2417 1899 2605 1964 bonis
2640 1898 3054 1984 temporibuS,
3101 1910 3170 1962 ut
3219 1897 3528 1963 eiusmodi
3575 1899 3920 1968 liberalitas

743 2002 806 2056 et
849 1988 1204 2073 benignitas
1263 2009 1298 2050 a
1343 1983 1744 2073 praetoribus
1791 1986 2254 2073 postularetur,
2315 1998 2413 2067 ut,
2475 2009 2616 2051 cum
2665 1986 2900 2051 Cicero
2960 1986 3041 2051 de
3096 1989 3429 2072 provincia
3479 1986 3796 2055 decedens
3846 2013 3923 2055 ex

741 2098 957 2143 annuo
1003 2086 1256 2160 sumptu
1303 2075 1426 2138 sibi
1471 2074 1734 2138 decreto
1779 2075 1894 2139 HS
1924 2076 1982 2137 X
2026 2075 2263 2139 referre
2306 2078 2372 2139 in
2416 2081 2723 2140 aerarium
2754 2078 3091 2154 statuisset,
3136 2079 3571 2161 ingemisceret
3601 2082 3923 2164 praetoria

743 2168 994 2242 cohors,
1041 2186 1230 2231 omne
1273 2162 1435 2228 illud
1481 2175 1714 2249 putans
1759 2162 2056 2229 distribui
2101 2162 2225 2229 sibi
2272 2175 2594 2250 oportere.

917 2253 1192 2321 Multum
1257 2251 1506 2318 diversa
1571 2262 1705 2315 erat
1769 2256 1933 2318 ratio
1990 2273 2233 2333 eorum,
2292 2274 2457 2338 quos
2512 2253 2734 2324 ultimo
2788 2253 2941 2318 loco
3004 2256 3487 2335 nominavimus.
3591 2254 3721 2340 Qui
3780 2278 3922 2323 cum

742 2346 881 2409 sine
928 2344 1379 2429 procuratione
1425 2336 1712 2426 publica,
1768 2341 1907 2404 sine
1965 2338 2301 2421 mandatis,
2359 2343 2497 2406 sine
2553 2341 2686 2407 ullo
2733 2341 3125 2428 reipublicae
3170 2364 3433 2406 munere
3480 2344 3543 2407 in
3590 2348 3923 2428 provincia

742 2441 1180 2509 versarentur,
1242 2440 1482 2492 tantum
1538 2426 1739 2492 abfuit
1794 2438 1866 2492 ut
1927 2428 2165 2515 aliquid
2222 2429 2328 2493 vel
2385 2451 2457 2494 ex
2510 2433 2755 2496 aerario
2800 2429 2904 2495 vel
2952 2452 3029 2495 ex
3080 2432 3397 2517 praetoris
3457 2430 3707 2495 cibariis
3756 2436 3921 2497 acci-

739 2531 996 2608 perent,
1049 2528 1120 2582 ut
1178 2519 1308 2582 suis
1366 2514 1770 2580 facultatibus
1829 2520 2111 2602 equitum
2168 2528 2402 2581 turmas
2450 2518 2680 2582 aluisse
2725 2518 3090 2596 videantur,
3151 2540 3311 2604 quae
3360 2540 3395 2582 a
3438 2533 3738 2605 praetore
3785 2522 3919 2587 fere

739 2614 816 2673 iis
863 2608 1194 2685 dabantur,
1241 2603 1448 2669 verbo
1493 2615 1564 2669 ut
1610 2604 1972 2689 dignitatem
2019 2626 2197 2671 suam
2243 2618 2589 2685 tuerentur,
2636 2627 2861 2671 revera
2897 2617 2965 2669 ut
2996 2610 3253 2670 miseras
3286 2610 3569 2672 civitates
3602 2619 3918 2674 vexarent.

741 2698 948 2766 Cuius
994 2700 1088 2762 rei
1133 2694 1484 2780 exemplum
1530 2694 1656 2760 hoc
1697 2694 1922 2761 aflero.
2012 2695 2100 2758 Μ.
2147 2697 2417 2773 Brutus,
2475 2695 2584 2761 ille
2638 2695 2867 2782 populi
2910 2697 3185 2762 Romani
3229 2694 3560 2775 liberator,
3612 2708 3679 2763 ut
3724 2720 3921 2784 pecu·

741 2790 910 2853 niam
959 2785 1311 2852 Salaminiis
1377 2781 1678 2849 creditam
1729 2794 1793 2847 et
1833 2786 2231 2870 iniquissimo
2277 2784 2547 2850 foenore
2592 2799 2837 2850 auctam
2886 2787 3183 2870 exigeret,
3240 2784 3321 2849 ab
3370 2788 3589 2871 Appio
3640 2785 3919 2854 Claudio

744 2873 1010 2942 Ciliciae
1065 2871 1456 2960 proconsule
1511 2873 1978 2957 impetraverat,
2038 2883 2108 2936 ut
2168 2873 2431 2959 Scaptio
2494 2876 2900 2960 procuratori
2958 2895 3076 2938 suo
3131 2872 3596 2959 praefecturam
3646 2874 3921 2940 deferret

743 2974 807 3029 et
855 2974 1086 3026 turmas
1140 2962 1386 3046 aliquot
1442 2963 1722 3045 equitum
1780 2957 1957 3024 daret
2013 2959 2092 3024 ad
2143 2961 2520 3026 Salaminios
2582 2961 2979 3026 coercendos
3038 2973 3097 3025 et
3157 2960 3506 3048 cogendam
3553 2967 3914 3049 pecuniam.

744 3051 900 3137 Quo
932 3051 1104 3126 facto
1139 3051 1434 3136 Scaptius
1469 3048 1760 3133 Cyprum
1799 3048 2125 3135 profectus
2171 3049 2482 3113 inclusum
2528 3053 2593 3114 in
2641 3053 2812 3114 curia
2859 3058 3141 3113 senatum
3192 3050 3510 3115 Salamine
3556 3051 3919 3130 obsederat,

739 3151 810 3204 ut
855 3139 1020 3203 same
1067 3148 1398 3203 senatores
1447 3141 1730 3222 quinque
1773 3148 2193 3216 morerentur,
2237 3138 2523 3203 nondum
2571 3151 2779 3203 autem
2828 3137 3205 3203 Salaminios
3250 3137 3331 3202 ad
3377 3138 3445 3202 id
3492 3138 3670 3225 quod
3714 3141 3921 3204 voluit

739 3227 1065 3313 adegerat,
1128 3249 1267 3290 cum
1315 3225 1550 3292 Cicero
1601 3229 1819 3312 Appio
1865 3225 2144 3292 Claudio
2204 3230 2509 3300 successit
2566 3240 2631 3292 et
2676 3229 2995 3292 sociorum
3040 3227 3317 3311 querelis
3362 3239 3693 3312 permotus
3738 3227 3919 3294 dedit

738 3317 974 3395 literas,
1021 3327 1091 3380 ut
1136 3318 1378 3400 equites
1425 3335 1498 3380 ex
1545 3313 1778 3400 Cypro
1825 3325 1970 3380 ante
2018 3326 2247 3380 certam
2303 3315 2470 3380 diem
2528 3314 2931 3381 decederent.
3022 3317 3171 3380 Hoc
3214 3338 3248 3379 a
3294 3337 3363 3378 se
3412 3315 3637 3382 ordine
3684 3317 3916 3382 factum

739 3403 1128 3491 probaturus
1183 3406 1396 3468 Attico
1457 3425 1596 3466 cum
1658 3402 1774 3466 alia
1832 3414 1963 3468 tum
2019 3403 2179 3467 haec
2234 3405 2487 3489 scripsit
2545 3403 2625 3468 ad
2681 3405 2807 3468 Att.
2855 3404 3071 3482 V1,2:
3138 3399 3423 3468 lIabeat
3480 3401 3539 3468 is
3597 3406 3920 3470 turmas?

747 3491 888 3559 Cur
936 3489 1175 3580 polius
1233 3513 1438 3580 quam
1497 3487 1860 3555 cohortes?
1945 3493 2231 3577 Sumpta
2290 3491 2428 3556 iam
2484 3513 2697 3578 nepos
2756 3489 2985 3556 evadit
3040 3489 3386 3578 Scaptius.
3478 3491 3668 3576 Quae
3723 3489 3921 3556 verba

737 3579 1064 3644 Manutius
1111 3590 1284 3643 recte
1330 3577 1598 3664 explicat
1641 3580 1706 3642 in
1753 3579 1926 3643 hunc
1967 3579 2254 3644 modum:
2305 3580 2538 3646 Cicero
2587 3603 2658 3645 se
2702 3582 2912 3644 mirari
2957 3579 3223 3654 simulat,
3272 3601 3387 3642 cur
3418 3579 3731 3666 Scaptiae,
3780 3603 3918 3644 cnm

738 3667 987 3754 pedites
1031 3671 1280 3732 minore
1319 3672 1600 3751 impensa
1651 3666 1822 3731 alere
1863 3671 2090 3752 possit,
2135 3671 2383 3753 equites
2426 3680 2639 3734 tamen
2682 3669 2879 3743 malit3
2926 3667 3040 3732 sed
3090 3667 3343 3733 occulte
3389 3668 3720 3754 significat,
3768 3669 3921 3735 Sca-

739 3759 942 3843 ptium
987 3755 1308 3842 equitibus
1354 3759 1444 3819 uti
1489 3754 1701 3833 malle,
1750 3755 1926 3841 quod
1974 3761 2286 3842 pecuniae
2330 3760 2694 3843 extorqueri
2738 3757 2983 3822 facilius
3030 3759 3281 3842 possint
3328 3757 3679 3841 equitibus,
3732 3778 3919 3842 quam

740 3843 1028 3930 peditum
1071 3867 1205 3909 non
1248 3848 1334 3908 ita
1379 3843 1565 3908 firmo
1611 3843 1948 3930 praesidio.
3844 3873 3855 3880 ·

920 3933 1052 3996 lam
1097 3932 1177 3996 de
1225 3931 1474 3996 cibariis
1521 3938 1669 3996 satis
1717 3932 1951 3998 dictum
1997 3933 2273 4000 videtur.
2366 3933 2533 3999 Illud
2582 3946 2790 3998 autem
2839 3933 3133 3998 volumus
3188 3933 3478 4019 intelligi,
3537 3955 3658 4000 nos
3714 3933 3922 4020 probe

742 4031 990 4098 tenere,
1045 4019 1237 4084 multa
1296 4021 1414 4084 alia
1460 4027 1831 4090 necminus
1880 4019 2066 4107 digna
2111 4026 2476 4108 cognitione
2524 4023 2605 4087 de
2654 4025 2766 4086 hac
2813 4026 3061 4088 ratione
3107 4025 3328 4108 quaeri
3372 4043 3586 4109 posse.
3686 4025 3921 4090 Verum

743 4108 890 4173 illae
941 4111 1344 4195 quaestiones
1390 4108 1494 4174 vel
1538 4111 1744 4173 minus
1789 4112 2187 4175 necessariae
2234 4114 2570 4199 proposito
2618 4122 2841 4178 nostro
2888 4113 3062 4176 visae
3110 4122 3285 4192 suut,
3339 4109 3440 4174 vel
3488 4109 3687 4176 multo
3735 4110 3920 4175 latius

743 4207 967 4284 patere
1017 4217 1201 4286 quam
1251 4217 1412 4281 quae
1458 4199 1583 4262 hoc
1627 4196 1777 4262 loco
1825 4210 2000 4264 recte
2047 4210 2315 4286 possent
2359 4204 2755 4287 pertractari.

751 4328 840 4444 ἦ)
890 4367 975 4425 De
1012 4373 1190 4446 priore
1229 4367 1453 4426 formula
1491 4371 1556 4427 cl'.
1589 4369 1776 4430 Front.
1811 4369 1847 4430 l.
1873 4373 1927 4439 l..
1965 4370 2080 4430 Cic.
2117 4371 2182 4428 ad
2208 4371 2319 4432 Ait.
2344 4370 2412 4440 V,
2438 4378 2468 4430 7
2509 4377 2606 4432 ait
2642 4394 2707 4432 ee
2745 4376 3071 4448 Pompeius
3107 4376 3334 4447 quinos
3367 4376 3723 4448 praefectos
3760 4353 3918 4428 dela-

887 4453 1104 4498 turum
1153 4460 1382 4529 novoe,-
1428 4461 1526 4518 pro
1576 4443 1749 4500 Balbo
1783 4447 1881 4500 28:
1929 4441 2162 4534 (Caesar
2206 4443 2470 4532 Balbum)
2520 4449 2592 4534 io}
2636 4454 2983 4530 praetura,
3030 4449 3101 4502 in
3150 4450 3485 4534 contusam
3529 4446 3919 4531 praeses-cygn

872 4513 1166 4640 {23:133
1181 4515 2059 4644 ‘ffssffliisseqi'zii‘issifflmnfliffl
2079 4514 3087 4662 diffissfiffstiiiiliissffiossffifissss
3102 4515 3383 4660 222'22332‘
3416 4511 3919 4642 &15:332513253

887 4665 1046 4722 taxat,
1125 4655 1172 4710 ui
1203 4655 1266 4708 ad
1293 4657 1549 4712 aerarium
1571 4653 1732 4712 delati
1758 4669 1920 4726 erant,
1947 4658 2271 4738 reipublicae
2296 4679 2450 4716 causa
2478 4661 2665 4719 abesse
2690 4661 3023 4738 putabantur.
3078 4659 3145 4716 οἳ.
3162 4658 3206 4732 l.
3230 4661 3301 4714 32
3326 4657 3393 4714 1).
3420 4676 3487 4719 cx
3508 4660 3704 4734 quibus
3732 4659 3919 4712 causis.

753 4727 844 4798 ⁷³)
895 4723 1010 4784 Cic.
1047 4748 1074 4782 a
1151 4725 1271 4783 t'am.
1311 4723 1534 4798 Vtt1,1,
1558 4731 1608 4784 4.
1682 4729 1906 4802 Quintil.
1944 4727 2115 4798 V1,3.
3230 4797 3235 4802 .
3573 4802 3593 4808 ,.

2930 4803 3099 4900 Dr.
3160 4804 3267 4898 F.
3338 4807 3791 4898 Hermann.

1969 5033 2727 5063 *-
