4300 5475
1887 1069 2027 1145 DE

678 1319 2217 1455 PROVINCIALI
2338 1318 3228 1461 SUMPTU

1397 1620 1888 1711 PoPULl
1971 1620 2516 1712 nomam.

357 2058 552 2207 Tria
599 2141 858 2207 omuino
903 2160 1138 2229 genera
1181 2152 1381 2223 erant,
1423 2145 1492 2209 in
1537 2141 1774 2231 quibus
1815 2165 1943 2233 per
1982 2150 2276 2207 senatum
2317 2160 2497 2207 more
2540 2142 2850 2205 maiorum
2882 2148 3271 2207 stameretur
3300 2140 3545 2229 aliquid

353 2246 446 2315 de
491 2250 840 2334 provinciis
887 2246 1288 2315 ordinandis:
1345 2270 1544 2316 unum
1587 2260 1724 2315 erat
1765 2248 1852 2315 de
1893 2245 2333 2326 nominandis,
2388 2247 2655 2313 alterum
2698 2244 2783 2311 de
2828 2244 3131 2339 ornandis
3175 2251 3544 2334 provinciis,

349 2355 611 2419 tertium
655 2364 790 2420 erat
835 2356 976 2419 eius
1021 2354 1202 2421 modi
1244 2354 1502 2443 placere
1545 2358 1944 2442 magistratus
1974 2346 2220 2420 ‘sortiri
2274 2352 2381 2419 vel
2423 2356 2595 2421 inter
2636 2374 2708 2419 se
2751 2338 3119 2439 compa-rare
3160 2356 3545 2439 provincias.

351 2458 620 2547 Quibus
665 2480 742 2525 ex
785 2460 1124 2547 generibus
1169 2483 1548 2555 quamquam
1593 2462 1811 2559 solam·
1836 2463 2240 2553 ornationem
2280 2461 2410 2539 hoc
2454 2459 2605 2526 loeo
2648 2468 3040 2547 spectamus,
3061 2440 3327 2541 (ornare
3376 2464 3545 2529 enim

1575 2548 1749 2567 ψ·-

347 2565 692 2633 dicebatur
734 2577 994 2631 senatus
1048 2570 1474 2654 provinciam,
1531 2573 1828 2655 quotiens
1887 2567 2249 2633 instruebat
2298 2570 2581 2633 exercitu
2632 2576 2893 2652 sumptu
2948 2564 3085 2631 aliis
3140 2545 3607 2661 ornamentiss)

347 2684 568 2740 tumen
621 2684 984 2740 ceterorum
1043 2696 1308 2762 quoque
1365 2677 1530 2742 ratio
1596 2673 1930 2762 diligenter
1993 2672 2308 2740 habeatur
2370 2692 2636 2740 necesse
2703 2682 2829 2753 est,
2900 2671 3137 2760 quibus
3202 2674 3543 2762 incognitis

347 2800 480 2844 nec
523 2779 784 2867 quando
829 2781 992 2846 facta
1036 2783 1118 2846 sit
1161 2801 1290 2846 nec
1331 2781 1536 2868 qualis
1581 2781 1776 2848 {uerit
1819 2783 2074 2847 ornatio
2120 2784 2275 2846 satis
2320 2779 2605 2846 dilucide
2646 2782 3093 2867 perspiciatur.

533 2889 762 2954 Totius
809 2898 1017 2954 antem
1061 2891 1304 2976 negotii
1347 2888 1516 2955 ratio
1563 2897 1630 2953 et
1673 2885 1840 2954 ordo
1885 2886 2068 2953 aliter
2112 2887 2241 2954 alio
2270 2897 2561 2974 tempore
2587 2887 2841 2953 videtur
2873 2908 2943 2953 se
2972 2884 3287 2954 habuisse.
3342 2886 3540 2956 Sexto

346 2990 618 3078 quidem
647 2993 824 3059 urbis
857 2995 1132 3074 saeculo,
1179 3016 1256 3060 ex
1287 3015 1418 3081 qno
1450 3004 1739 3081 tempore
1783 3013 1892 3058 res
1921 2995 2255 3061 Romanae
2296 3017 2331 3059 s
2364 2975 2551 3060 Lirio
2596 2992 2859 3060 uberius
2906 2996 3305 3080 conscriptae
3351 3003 3541 3082 atque

347 3097 709 3164 illustratae
767 3111 942 3180 sunt,
999 3102 1300 3168 consules
1357 3100 1582 3167 Idibus
1637 3102 1914 3178 Martiis,
1980 3122 2112 3186 quo
2173 3100 2281 3166 die
2336 3100 2475 3166 fere
2531 3098 2829 3167 solebant
2882 3103 3308 3186 magistratum
3360 3103 3539 3179 inire,

347 3205 442 3270 de
485 3205 816 3292 republica
859 3205 1178 3294 bellisque
1221 3207 1544 3294 gerendis,
1601 3206 1684 3271 de
1743 3207 2092 3290 provinciis
2139 3204 2679 3298 exercitibusque,
2738 3216 3045 3292 quantum
3106 3209 3431 3294 copiarum
3476 3216 3542 3272 ot

347 3309 471 3376 ubi
528 3333 818 3400 quaeque
879 3325 1094 3381 essent
1147 3325 1364 3403 patres
1417 3317 1486 3378 in
1533 3311 1860 3399 Capitolio
1918 3311 2355 3378 consulebant.
2448 3312 2821 3379 Communis
2879 3321 3017 3376 erat
3062 3309 3145 3375 de
3189 3313 3537 3397 provinciis

351 3419 694 3486 consulum
737 3419 994 3499 relatio,
1049 3439 1173 3488 nec
1227 3420 1309 3486 de
1367 3425 1502 3485 suis
1557 3417 1784 3498 modo,
1843 3417 1960 3483 sed
2009 3419 2197 3482 etiam
2244 3417 2326 3483 de
2370 3421 2724 3506 provinciis
2770 3428 3135 3504 praetorum
3184 3437 3539 3502 eorumque

353 3523 590 3610 quibus
636 3528 965 3612 imperium
1012 3537 1472 3614 prorogaretur
1493 3527 1561 3610 ¹).
1653 3526 1929 3591 Senatus
1987 3521 2225 3588 deinde
2280 3523 2650 3590 nominabat
2706 3524 3073 3611 provincias
3118 3524 3378 3588 minoris
3424 3544 3539 3588 ne-

352 3633 510 3716 gotii
552 3633 988 3717 praetoribus,
1032 3636 1316 3714 maioris,
1372 3633 1675 3720 imprimis
1723 3631 1833 3696 ubi
1879 3627 2118 3696 bellum
2166 3630 2511 3716 gerendum
2559 3639 2752 3710 esset,
2810 3627 3209 3706 consulibus3
3260 3625 3537 3715 reliquas

352 3738 744 3823 prorogabat
799 3743 875 3804 iis
933 3739 1042 3827 qui
1095 3736 1386 3826 proximo
1449 3759 1617 3804 anno
1671 3741 1746 3802 iis
1793 3735 2203 3824 praefuerant
2228 3737 2300 3820 ²).
2394 3737 2547 3823 Quo
2592 3736 2790 3816 facto,
2846 3739 2970 3802 nisi
3027 3731 3329 3801 consules
3376 3735 3537 3802 alter

353 3842 626 3910 ambove
667 3850 1024 3912 nominatas
1069 3849 1434 3933 provincias
1480 3847 1802 3931 aspernati
1846 3841 2407 3910 senatusconsulto
2450 3845 2973 3920 intercesserant,
3018 3851 3352 3928 praetores
3397 3864 3535 3908 sor-

351 3951 476 4026 tiri,
521 3951 824 4016 consules
872 3961 980 4018 aut
1021 3954 1236 4017 sortiri
1262 3961 1374 4015 aut
1404 3955 1570 4016 inter
1599 3973 1670 4016 se
1702 3971 2074 4037 comparare
2105 3950 2471 4036 provincias
2502 3947 2919 4024 iubebantur-3
2964 3946 3279 4012 interdum
3312 3959 3535 4027 tamen,

357 4051 468 4118 ubi
526 4059 596 4120 in
649 4058 950 4140 periculis
1008 4068 1072 4122 et
1127 4060 1370 4143 asperis
1426 4055 1826 4143 temporibus
1885 4057 2078 4121 sortis
2124 4059 2373 4121 incerto
2423 4058 2677 4119 eventui
2724 4051 3185 4142 rempublicam
3232 4054 3536 4118 committi
3627 4105 3632 4108 <

359 4179 489 4225 non
534 4157 890 4246 placuerat,
953 4166 1089 4228 sine
1145 4171 1320 4229 sorte
1363 4166 1735 4230 nominatim
1781 4165 2150 4251 provinciae
2197 4161 2384 4226 datae
2429 4171 2577 4226 sunt
2633 4156 3117 4245 magistratibus.
3210 4158 3533 4242 Quotiens

360 4265 542 4349 igitur
585 4270 1021 4335 nominaverat
1064 4279 1322 4346 tantum,
1369 4291 1500 4334 non
1549 4273 1916 4336 nominatim
1964 4271 2390 4356 assignaverat
2434 4277 2693 4332 senatus
2731 4267 3113 4351 provincias,
3160 4261 3532 4328 consulibus

361 4373 592 4448 statim,
643 4373 1050 4460 praetoribus
1111 4378 1450 4441 sortitione
1507 4374 1755 4440 demum
1814 4375 1977 4438 facta
2037 4371 2428 4438 decernebat
2484 4375 2796 4438 exercitus
2854 4372 3103 4456 aliaque
3164 4373 3531 4454 provinciae

359 4491 754 4556 ornamenta3
809 4483 1110 4565 quotiens
1165 4503 1322 4546 vero
1379 4481 1482 4546 vel
1535 4483 1902 4546 nominatim
1957 4482 2327 4567 provincias
2382 4475 2761 4546 consulibus
2806 4478 3072 4542 dederat
3116 4475 3221 4541 vel
3264 4475 3531 4541 eandem

357 4583 613 4666 utrique
659 4581 1053 4666 decreverat,
1107 4588 1196 4651 ita
1247 4596 1319 4650 ut
1363 4589 1700 4653 sortitione
1743 4605 1912 4673 opus
1956 4607 2093 4653 non
2153 4597 2346 4666 esset,
2403 4583 2589 4650 simul
2644 4581 3015 4650 consulares
3072 4593 3133 4647 et
3177 4585 3529 4668 praetorias

649 4831 742 4989 gg:
774 4831 874 4976 33,
905 4835 1422 4991 ῗὲᾶῖἳέοἴιῖηῗε,
1459 4932 1520 4980 ut
1543 4924 1756 5000 saepius
1777 4921 1960 4982 endem
1985 4921 2259 5000 provincis
2288 4920 2399 4980 slio
2420 4940 2559 4980 suno
2582 4917 2879 4978 cond-ris
2914 4927 3075 4985 suet,
3110 4914 3217 4974 alio
3253 4919 3528 4992 praetoris.

3036 5027 3063 5080 ι
3077 5026 3105 5056 α

413 4832 462 4897 ¹)
500 4825 616 4888 [aiv.

411 4921 462 4987 ²)
499 4917 615 4976 biv.
