4300 5475
2292 317 2349 403 4

743 544 1106 629 provincias
1152 542 1446 621 ornabat,
1500 550 1838 628 postquam
1881 550 2216 626 praetores
2262 544 2470 606 sortiti
2518 551 2698 606 erant
2720 543 2793 624 ³).
2886 540 3285 608 Consulibus
3334 546 3498 609 enim
3545 547 3913 633 priusquam

745 651 1126 714 sortirentur
1169 651 1534 736 provincias
1583 649 1795 712 ornari
1841 646 2098 732 placuit,
2143 669 2227 712 ne
2260 646 2411 733 quid
2443 648 2637 732 gratia
2670 651 2973 729 momenti
3003 648 3269 723 faceret3
3312 660 3677 734 praetorum
3708 664 3918 719 autem

743 761 909 824 ratio
952 757 1105 823 ideo
1155 754 1468 820 dissimilis
1515 754 1649 833 fuit,
1698 751 1873 843 quod
1923 773 2056 832 eos,
2103 774 2185 817 ne
2229 753 2586 818 iurisdictio
2626 755 3160 835 intermitteretur,
3205 758 3413 842 primo
3461 780 3723 845 quoque
3768 769 3920 825 tem-

744 886 906 952 pore
950 865 1164 929 sortiri
1212 864 1498 948 oportuit
1522 862 1592 945 ⁴).
1688 856 1994 923 Ceterum
2039 861 2196 952 quin
2246 879 2323 924 eo
2372 870 2663 945 tempore
2712 859 3089 926 consulibus
3135 881 3268 926 non
3315 884 3497 927 secus
3544 886 3619 929 ac
3662 875 3919 952 praeto-

744 970 924 1036 ribus
969 978 1254 1054 sumptus
1303 978 1364 1032 et
1407 970 1473 1031 in
1519 985 1720 1029 annos
1766 966 2048 1052 singulos
2099 976 2164 1030 et
2208 968 2389 1029 initio
2448 970 2758 1052 cuiusque
2817 968 2966 1030 anni
3022 966 3320 1031 decretus
3378 972 3459 1032 sit
3517 970 3675 1035 nihil
3728 972 3920 1037 habet

749 1074 1195 1155 dubitationis,
1244 1096 1384 1139 cum
1429 1074 1797 1158 provinciae
1841 1070 2311 1158 magistratibus
2358 1074 2665 1137 continuo
2712 1070 3048 1139 adeundae
3094 1084 3308 1139 essent
3352 1084 3413 1139 et
3459 1097 3683 1143 omnes
3732 1088 3918 1163 quot·

746 1185 927 1248 annis
974 1192 1234 1248 ornatae
1281 1201 1422 1245 esse
1467 1176 1810 1243 tradantur.

923 1290 1073 1353 Mos
1120 1308 1303 1381 quem
1348 1283 1541 1350 modo
1575 1282 2027 1369 descripsimus
2059 1286 2288 1349 mansit
2315 1306 2521 1369 usque
2550 1282 2634 1349 ad
2664 1284 2999 1369 septimum
3032 1283 3210 1349 urbis
3241 1286 3579 1353 saeculum.
3654 1290 3922 1355 Postea-

747 1417 934 1481 quam
989 1414 1144 1459 vero
1200 1392 1501 1455 institutis
1559 1388 2044 1476 quaestionibus
2101 1391 2431 1477 pe‘rpetuis
2487 1400 2820 1476 praetores
2876 1392 2942 1454 in
2999 1390 3159 1456 urbe
3219 1395 3643 1479 magistratum
3698 1418 3922 1481 gerere

748 1504 1053 1587 oportuit,
1099 1507 1160 1563 et
1205 1495 1400 1582 paulo
1449 1507 1599 1584 post
1643 1507 1912 1583 propter
1957 1518 2169 1561 rerum
2216 1495 2601 1561 urbanarum
2646 1494 3199 1583 perturbationem
3229 1510 3298 1564 ut
3331 1500 3627 1566 consules
3658 1524 3920 1589 quoque

748 1606 1031 1673 defuncti
1074 1606 1438 1689 magistratu
1481 1606 1545 1667 in
1591 1604 1960 1690 provincias
2006 1600 2576 1688 proficiscerentur
2619 1602 2687 1667 in
2734 1603 3265 1668 consuetudinem
3312 1610 3501 1684 venit,
3546 1629 3677 1672 non
3707 1611 3924 1694 potuit

745 1712 890 1777 fieri
935 1712 1088 1803 quin
1136 1721 1198 1774 et
1244 1709 1324 1774 de
1371 1707 1828 1775 distribuendis
1877 1707 2315 1794 ornandisque
2373 1710 2724 1794 provinciis
2779 1708 2975 1772 multa
3036 1712 3532 1777 immutarentur.
3625 1713 3921 1778 Mutandi

745 1819 992 1883 initium
1048 1815 1198 1880 fecit
1246 1814 1323 1882 C.
1374 1815 1735 1892 Gracchus,
1793 1818 1904 1901 qui
1954 1814 2157 1900 legem
2212 1814 2472 1901 pertulit
2534 1823 2606 1877 ut
2651 1824 2796 1879 ante
2842 1818 3093 1879 comitia
3143 1817 3503 1883 consularia
3548 1822 3923 1904 provinciae

744 1923 974 1987 futuris
1022 1920 1392 1986 consulibus
1439 1921 1954 1987 decernerentur.
2045 1920 2234 1986 Iunio
2290 1924 2478 2007 igitur
2540 1930 2649 1984 aut
2697 1920 2971 2004 Quintili
3015 1920 3339 1987 mensibus
3386 1922 3613 1989 exinde
3658 1925 3922 2012 provin-

748 2032 873 2093 cias
918 2026 1235 2092 nominari
1281 2032 1589 2115 oportuit,
1644 2048 1802 2112 quas
1857 2025 2157 2090 consules
2206 2048 2339 2091 non
2388 2028 2676 2111 proximo
2722 2024 2841 2089 sed
2888 2030 3076 2092 tertio
3126 2026 3375 2091 demum
3420 2050 3592 2095 anno
3637 2030 3924 2097 defuncti

745 2136 1107 2221 magistratu
1161 2132 1424 2200 adirent.
1527 2136 1675 2197 Hoc
1730 2153 1872 2196 cum
1931 2130 2267 2197 Gracchus
2326 2154 2411 2196 ne
2456 2142 2681 2223 postea
2724 2134 2795 2196 in
2848 2130 3271 2198 decernendis
3325 2138 3675 2221 provinciis
3726 2144 3923 2223 gratia

745 2250 1038 2327 regnaret
1080 2240 1484 2318 instituisset,
1545 2237 1725 2323 quod
1781 2248 1967 2302 antea
2023 2236 2289 2303 eandem
2336 2236 2423 2303 ob
2472 2259 2722 2302 causam
2776 2249 3029 2303 cautum
3085 2250 3251 2320 erat,
3306 2262 3391 2305 ne
3444 2243 3742 2308 consules
3797 2248 3921 2310 nisi

747 2356 1002 2411 ornatas
1047 2347 1410 2432 provincias
1457 2347 1855 2422 sortirentur,
1901 2342 1968 2407 id
2015 2344 2137 2408 iam
2184 2347 2323 2409 sine
2366 2366 2593 2430 magno
2637 2345 2927 2429 periculo
2972 2345 3205 2432 negligi
3246 2351 3475 2432 potuit.
3561 2350 3637 2413 In
3678 2370 3918 2415 morem

744 2453 938 2540 igitur
992 2454 1167 2517 venit
1221 2462 1292 2516 ut
1349 2451 1646 2516 consules
1705 2452 2072 2536 provincias
2117 2448 2503 2515 sortirentur
2548 2461 2886 2537 autequam
2932 2462 3197 2517 ornatae
3244 2463 3485 2532 essent,
3540 2453 3921 2541 plerumque

749 2562 934 2623 etiam
981 2569 1317 2645 antequam
1369 2560 1490 2645 ipsi
1536 2559 1958 2643 magistratum
2005 2559 2273 2621 inissent
2297 2556 2377 2639 υ),
2434 2555 2502 2621 id
2562 2556 2741 2641 quod
2798 2566 2985 2621 antea
3040 2560 3163 2622 nisi
3220 2556 3467 2623 difficili
3524 2559 3921 2646 reipublicae

747 2674 1037 2752 tempore
1081 2664 1313 2728 factum
1362 2684 1497 2728 non
1545 2676 1657 2730 est.
1749 2664 1927 2728 Haec
1973 2662 2054 2727 de
2101 2661 2547 2727 consularibus
2595 2666 2942 2750 provinciis
2988 2666 3335 2727 immutavit
3378 2664 3477 2728 lex
3522 2666 3919 2754 Sempronia.

745 2770 852 2836 Ad
896 2771 1248 2858 praetorias
1303 2770 1686 2857 pertinuisse
1742 2791 1878 2834 non
1933 2769 2209 2834 videtur.
2298 2771 2541 2833 Verum
2596 2792 2736 2834 cum
2794 2771 3162 2836 consulares
3218 2774 3597 2856 provinciae
3659 2773 3923 2839 decerni

744 2881 850 2942 vix
895 2887 1189 2964 possent,
1247 2879 1402 2963 quin
1446 2876 1530 2941 de
1571 2878 1912 2964 praetoriis
1953 2875 2142 2940 simul
2186 2885 2553 2954 constaret‚.
2585 2879 2941 2962 praetoriae
2998 2875 3224 2940 eodem
3284 2876 3421 2942 fere
3464 2888 3757 2964 tempore
3802 2902 3923 2945 no-

745 2985 970 3048 minari
1016 2994 1108 3063 et,
1164 2986 1288 3048 nisi
1342 2981 1497 3075 quid
1541 3005 1779 3048 moram
1839 2980 2132 3047 attulerat
2154 2981 2237 3065 ⁶),
2296 2982 2491 3068 paulo
2548 2994 2701 3069 post
2752 2985 2821 3046 in
2868 2993 3113 3048 sortem
3170 2985 3401 3048 coniici
3457 2984 3778 3064 solebant,
3834 2990 3923 3048 ita

745 3101 958 3154 temen
1012 3100 1084 3154 ut
1133 3111 1270 3154 non
1325 3093 1436 3178 qui
1491 3087 1866 3175 designandi
1925 3097 2136 3152 essent
2190 3087 2306 3152 sed
2367 3091 2477 3174 qui
2532 3099 2685 3152 tunc
2740 3100 2959 3154 essent
3011 3101 3340 3176 praetores
3386 3112 3493 3154 eas
3538 3093 3922 3155 sortirentur

749 3205 814 3260 et
857 3185 1146 3281 proximo
1190 3217 1360 3262 anno
1407 3199 1807 3283 susciperent
1827 3195 1901 3277 ⁷).
1979 3193 2267 3280 Quando
2314 3191 2552 3260 deinde
2598 3206 2860 3260 ornatae
2902 3199 3031 3261 sint
3058 3199 3427 3282 provinciae
3456 3197 3511 3260 si
3544 3197 3921 3281 quaerimus,

802 3407 856 3478 ⁸)
891 3403 1050 3464 Hune
1085 3405 1324 3463 ordinem
1363 3415 1630 3482 tamqusm
1669 3408 1923 3462 usitatum
1957 3413 2012 3460 et
2047 3404 2343 3478 legitimum
2374 3414 2557 3483 patres
2592 3425 2859 3476 servasse,
2904 3426 2971 3463 ex
3018 3408 3087 3464 iis
3138 3423 3275 3481 quae
3310 3407 3463 3462 initio
3500 3406 3760 3479 cuiusque
3795 3407 3922 3462 anni

887 3493 958 3552 de
995 3495 1372 3554 distributione
1407 3498 1796 3574 provinciarum
1831 3491 2018 3550 Livius
2055 3493 2217 3550 tradit
2251 3503 2397 3550 recte
2432 3493 2588 3552 nobis
2626 3495 2865 3552 videmur
2892 3494 3192 3572 collegisse.
3238 3493 3427 3570 Neque
3451 3502 3625 3550 tamen
3648 3511 3922 3569 negamus,

889 3593 1068 3661 patres
1103 3587 1370 3641 interdum
1405 3585 1470 3642 ad
1506 3605 1673 3641 novos
1712 3603 1865 3640 casus
1902 3594 2202 3660 temporum
2240 3601 2500 3638 novorum
2537 3568 2881 3640 consiliorum
2917 3586 3175 3640 rationem
3210 3582 3664 3652 accommodasse,
3710 3603 3831 3640 nam
3868 3585 3922 3639 in

889 3691 1018 3748 pace
1056 3671 1136 3728 illi
1173 3673 1388 3750 quidem
1428 3672 1817 3744 consuetudini,
1854 3673 1910 3729 in
1947 3670 2090 3726 hello
2126 3690 2255 3727 vero
2292 3669 2508 3728 utilitati
2544 3692 2731 3750 parere
2767 3670 3029 3729 solebant.

801 3762 852 3828 ⁴)
893 3759 958 3814 cf.
996 3757 1340 3828 Liv.x1.111‚
1381 3765 1447 3818 12
1485 3771 1542 3816 et
1577 3765 1661 3817 15.

803 3853 852 3918 ·)
889 3845 1002 3904 Cic.
1033 3847 1106 3905 sd
1144 3849 1256 3909 Att.
1281 3849 1372 3920 111,
1407 3855 1508 3907 24:
1561 3853 1927 3924 Nunquam,
1965 3851 2167 3926 inquit,
2217 3851 2503 3906 arbitror
2548 3861 2820 3907 ornatas
2858 3867 2992 3907 esse
3024 3849 3388 3924 provincias
3420 3850 3923 3919 designatorum,-

885 3955 918 3991 a
951 3935 1210 3993 Sallustio
1245 3957 1373 3995 vero
1409 3938 1522 4014 lug.
1559 3943 1628 3998 27
1665 3938 1908 3996 Metellus
1945 3947 2000 3994 et
2034 3937 2102 3994 M.
2139 3937 2371 4005 Silanus,
2408 3960 2436 3993 a
2476 3937 2737 3996 Cicerone
2773 3940 2830 3996 in
2866 3935 3020 3995 Verr.
3054 3935 3147 4005 111,
3184 3939 3253 3994 95
3290 3935 3607 3995 Hortensius
3642 3950 3919 4017 antequam

887 4025 1221 4083 consulatum
1257 4029 1484 4084 inissent
1521 4029 1819 4104 provincias
1855 4029 2036 4084 sortiti
2069 4047 2189 4083 esse
2228 4027 2522 4085 traduntur.

803 4116 853 4185 ⁸)
889 4114 968 4172 Ita
1003 4113 1200 4172 factum
1241 4125 1325 4172 est
1359 4125 1420 4172 ut
1454 4126 1728 4194 praetores
1763 4118 1886 4172 anni
1922 4119 2027 4174 692
2064 4125 2186 4172 ante
2224 4135 2459 4172 mensem
2495 4113 2740 4173 Martium
2794 4119 2915 4173 anni
2966 4115 3238 4190 sequentis
3286 4115 3581 4190 provincias
3619 4135 3726 4170 non
3759 4117 3921 4170 sorti-

890 4215 1074 4260 rentur
1113 4201 1264 4272 (Cic.
1302 4203 1368 4259 sd
1406 4204 1517 4262 Au.
1554 4205 1595 4271 1,
1635 4207 1702 4260 13
1737 4214 1791 4258 et
1828 4206 1955 4275 15),
2005 4201 2232 4262 sortasse
2278 4203 2423 4282 quod
2472 4201 2595 4259 Piso
2643 4205 2830 4260 consul
2878 4207 2932 4260 in
2969 4204 3235 4280 provincia
3276 4223 3302 4258 a
3342 4214 3525 4259 senatu
3560 4201 3768 4258 decreta
3812 4223 3921 4260 non

892 4295 1232 4366 acquiescens
1281 4291 1494 4368 Syriam
1538 4295 1868 4370 concupivit,
1917 4312 2076 4369 quam
2119 4294 2167 4348 si
2216 4294 2550 4372 impetrasset
2594 4295 2949 4369 provinciam,
2998 4294 3051 4348 in
3098 4293 3383 4370 praetoriis
3430 4292 3621 4348 mutari
3668 4289 3922 4366 quiddam

893 4383 1144 4457 oportuit.
1217 4379 1300 4437 οἱ-
1322 4381 1388 4437 ad
1425 4381 1535 4438 Att.
1569 4381 1612 4450 1,
1651 4385 1737 4448 16,
1773 4384 1823 4440 8.

805 4473 856 4540 ⁷)
891 4467 1047 4524 Anno
1082 4472 1187 4525 698
1223 4489 1345 4527 eum
1383 4469 1450 4526 de
1485 4471 1772 4547 provinciis
1807 4471 2177 4528 consularibus
2220 4473 2279 4526 iu
2324 4479 2511 4526 senatu
2546 4479 2813 4545 ageretur,
2860 4467 3053 4526 Cicero
3090 4469 3189 4527 hae
3224 4469 3293 4526 de
3326 4487 3385 4525 re
3423 4467 3583 4525 verba
3620 4467 3818 4528 faciens
3852 4474 3920 4540 ei,

895 4560 990 4634 qui
1025 4557 1235 4632 Syriam
1271 4569 1328 4614 et
1361 4556 1724 4615 Macedoniam
1759 4560 2051 4636 praetorias
2086 4561 2386 4636 provincias
2438 4556 2719 4615 decernere
2756 4559 2955 4630 voluit,
3004 4561 3063 4616 in
3098 4579 3177 4616 or.
3213 4558 3283 4613 de
3316 4575 3462 4632 prov.
3502 4574 3646 4613 cons.
3684 4562 3715 4616 7
3755 4579 3919 4637 oppo-

891 4647 1020 4715 suit,
1056 4655 1168 4702 tum
1206 4647 1475 4705 tribunum
1512 4645 1805 4722 quendam,
1853 4667 2011 4725 quem
2057 4647 2225 4722 digito
2252 4647 2679 4715 demonstravit,
2724 4651 3134 4706 intercessurum
3172 4665 3307 4702 esse.
3378 4642 3477 4698 tlte
3514 4663 3665 4712 vero,
3711 4665 3831 4702 cum
3867 4648 3919 4702 ei

893 4734 973 4792 Id.
1008 4735 1138 4792 Dec.
1175 4737 1484 4811 magistratu
1526 4732 1824 4792 abeundum
1861 4746 2028 4803 esset,
2075 4736 2406 4793 intercedere
2441 4757 2547 4793 non
2584 4741 2787 4815 potuit,
2834 4741 2881 4794 si
2917 4737 3160 4813 sequenti
3199 4733 3410 4792 demum
3448 4751 3585 4788 anno
3622 4735 3918 4811 praetoriae

892 4825 1194 4900 provinciae
1229 4835 1410 4880 esseut:
1443 4827 1755 4883 nominatae.
1824 4823 1953 4881 ltem
1989 4823 2058 4882 M.
2086 4823 2223 4882 Cato
2260 4829 2585 4903 provinciam
2620 4847 2687 4883 ex
2721 4837 2964 4904 praetura
3002 4827 3106 4882 sibi
3144 4824 3389 4890 delatam,
3425 4823 3529 4878 uisi
3566 4823 3623 4878 in
3658 4824 3776 4897 ipso
3812 4839 3919 4878 ma·

888 4915 1110 4988 gistratu
1144 4915 1455 4992 accepisset,
1493 4913 1758 4990 deponere
1792 4931 1899 4968 non
1936 4916 2139 4991 potuit,
2176 4914 2233 4971 id
2270 4915 2415 4991 quod
2452 4926 2593 4973 teste
2628 4914 2915 4972 Plutarcho
2952 4933 3005 4973 c.
3038 4918 3109 4971 45
3144 4911 3299 4982 feeit,
3336 4931 3461 4970 cum
3492 4924 3632 4966 anno
3666 4913 3918 4986 sequenti
