4300 5475
1963 325 2022 411 5

377 551 864 638 praetoriarum
911 548 1168 635 quidem
1211 550 1373 613 ratio
1423 556 1640 633 aperta
1669 557 1808 624 ·est;
1851 568 1994 613 nam
2041 568 2261 613 mense
2306 545 2657 615 Februario
2704 550 2853 613 anni
2898 553 3031 621 693
3076 561 3337 615 senatus
3386 560 3449 615 et
3496 550 3581 616 de
3685 640 3693 647 ¹

389 658 754 745 provinciis
809 667 1180 744 praetorum
1241 664 1303 719 et
1361 653 1440 719 de
1484 652 1904 741 legationibus
1963 664 2026 719 et
2081 652 2163 719 de
2223 657 2447 719 ceteris
2504 654 2697 721 rebus
2746 655 3033 721 decrevit
3076 667 3149 721 ut
3196 667 3343 722 ante
3391 679 3578 742 quam

387 765 650 850 rogatio
710 761 790 827 de
845 760 1082 826 iudicio
1132 758 1456 827 Clodiano
1502 759 1627 825 lata
1673 772 1844 825 esset
1887 783 1969 826 ne
2016 759 2171 845 quid
2216 770 2537 847 ageretur,
2582 771 2645 827 et
2691 782 2861 827 anno
2908 766 3039 834 698
3086 761 3315 828 eodem
3361 784 3610 829 mense-

385 871 654 935 reiectis
714 865 1136 953 legationibus
1190 870 1258 931 iu
1315 865 1470 931 Idus
1523 866 1788 933 relatum
1848 878 1944 933 est
2003 866 2085 932 de
2141 864 2489 950 provinciis
2544 878 2949 951 quaestorum
3008 878 3070 931 et
3123 866 3203 931 de
3269 866 3577 933 ornandis

383 973 808 1063 praetoribus
831 976 900 1055 ⁸).
991 974 1223 1058 Neque
1282 969 1364 1035 de
1420 972 1864 1039 consularibus
1919 974 2269 1060 provinciis
2324 994 2429 1037 res
2486 970 2761 1037 obscura
2817 984 2913 1038 est
2944 983 3075 1037 ‘aut
3136 972 3427 1039 difficiles
3476 996 3578 1039 ex-

389 1082 674 1168 plicatus
720 1076 928 1143 habet.
1007 1074 1330 1163 Quoniam
1377 1080 1538 1141 enim
1589 1079 1900 1159 consules,
1945 1089 2108 1143 teste
2156 1080 2339 1143 Livio
2384 1084 2490 1157 40,
2520 1083 2625 1157 36,
2669 1080 2807 1143 iure
2850 1101 2971 1144 suo
3018 1078 3347 1165 postulare
3392 1088 3577 1165 pote·

381 1196 568 1264 rant,
634 1195 708 1250 ut
767 1188 1136 1270 priusquam
1194 1182 1275 1249 de
1329 1193 1700 1270 praetorum
1759 1185 2138 1251 exercitibus
2196 1196 2487 1273 ageretur
2542 1206 2697 1249 suae
2758 1187 3123 1270 provinciae
3180 1195 3575 1266 ornarentur,

387 1290 703 1380 quoniam
759 1289 996 1355 deinde
1039 1301 1104 1355 et
1149 1287 1604 1375 imperatorum
1651 1293 1762 1376 qui
1807 1290 2192 1378 stipendium
2240 1290 2646 1377 postularunt
2692 1291 2915 1357 literae
2958 1293 3137 1357 initio
3186 1293 3332 1357 anui
3378 1293 3445 1355 in
3477 1312 3579 1355 se-

385 1409 553 1465 natu
600 1396 1032 1463 recitabantur
1054 1398 1106 1479 ⁹)
1167 1407 1230 1461 et
1287 1396 1710 1483 legationibus
1766 1418 1984 1463 mense
2031 1397 2387 1463 Februario
2445 1398 2733 1482 quotidie
2788 1408 3075 1463 senatum
3130 1396 3267 1461 dari
3318 1418 3395 1461 ex
3437 1393 3577 1481 lege

385 1506 602 1591 Pupia
649 1501 1007 1589 oportebat,
1051 1504 1137 1567 ita
1182 1512 1254 1567 ut
1297 1506 1482 1589 primi
1529 1506 1838 1595 cuiusque
1884 1507 2033 1569 anni
2075 1526 2325 1571 menses
2374 1502 2733 1571 tractandis.
2760 1506 2839 1597 iis
2882 1501 3079 1569 rebus
3121 1524 3281 1587 quae
3314 1500 3395 1581 ad
3428 1522 3576 1587 pro-

387 1611 638 1675 vincias
687 1618 748 1672 et
795 1618 1040 1675 exteras
1081 1618 1307 1694 gentes
1352 1613 1746 1695 pertinerent
1793 1608 2091 1675 destinati
2145 1612 2343 1674 fuisse
2396 1609 2565 1675 baud
2622 1620 2857 1675 temere
2906 1611 3361 1683 existimentur3
3417 1627 3575 1672 con-

387 1724 770 1781 sentaneum
812 1713 1068 1779 videtur
1111 1735 1252 1779 esse
1299 1716 1630 1781 consulum
1677 1739 1940 1803 quoque
1985 1716 2367 1802 provincias,
2416 1737 2632 1782 eorum
2684 1715 2939 1803 quidem
2986 1718 3095 1807 qui
3141 1714 3341 1799 legem
3370 1712 3575 1776 curia-

387 1834 522 1887 tam
567 1820 652 1887 de
696 1824 964 1907 imperio
1010 1841 1134 1885 suo
1179 1831 1362 1887 antea
1409 1822 1822 1908 pertulissent
1847 1824 1940 1907 ¹⁹),
1987 1844 2068 1887 eo
2113 1825 2261 1907 ipso
2308 1831 2593 1906 tempore
2640 1844 2781 1889 esse
2828 1833 3103 1887 ornatas.
3200 1820 3348 1905 Qua
3392 1819 3457 1881 in
3499 1837 3573 1881 re

387 1950 534 1993 non
578 1937 673 1993 est
722 1925 899 2011 quod
943 1930 1268 2007 miremur,
1323 1931 1570 2015 integro
1627 1929 1758 1993 fere
1805 1948 1974 1995 anno
2021 1940 2168 1993 ante
2215 1950 2403 2013 quam
2450 1928 2753 1993 consules
2798 1951 2875 1993 ex
2922 1926 3080 1992 urbe
3134 1927 3379 1991 exirent
3424 1944 3575 2008 pro-

385 2037 634 2100 vincias
681 2054 819 2097 csse
865 2043 1142 2103 ornatas.
1221 2034 1498 2098 Primum
1543 2037 1706 2100 enim
1740 2037 2078 2119 quominus
2111 2033 2175 2100 in
2207 2037 2357 2121 ipso
2384 2037 2751 2120 magistratu
2782 2032 3081 2100 consules
3110 2037 3177 2097 in
3208 2030 3575 2119 provincias

387 2138 972 2226 proficiscerentur,
1019 2138 1192 2225 leges
1239 2138 1494 2225 quidem
1539 2161 1674 2206 non
1719 2141 1977 2205 fuerunt
2025 2162 2189 2226 quae
2234 2138 2565 2207 obstarent
2588 2140 2683 2223 ¹¹).
2758 2138 3018 2205 Deinde
3064 2140 3219 2225 ipsis
3262 2134 3571 2201 Kalendis

389 2245 705 2309 Ianuariis
762 2244 1058 2311 consules
1111 2249 1472 2330 provincias
1523 2268 1758 2313 vacuas
1813 2247 2046 2314 habere
2103 2248 2441 2333 oportuit,·
2482 2247 2621 2312 sine
2679 2244 2879 2313 dubio
2934 2266 3017 2311 ne
3076 2248 3132 2309 si
3188 2244 3356 2308 exire
3416 2240 3573 2325 ipsis

388 2350 682 2438 placeret
723 2350 1188 2436 impedirentur
1211 2352 1300 2433 ¹²).
1377 2352 1680 2437 Denique
1723 2355 2090 2440 provinciae
2137 2353 2435 2418 decretae
2482 2353 2669 2417 etiam
2712 2351 2829 2417 illo
2874 2374 3046 2417 anno
3093 2371 3226 2443 quo
3274 2345 3573 2411 consules

383 2461 462 2521 in
507 2455 668 2521 urbe
714 2459 1134 2542 magistratum
1181 2455 1454 2544 agebant
1499 2457 1869 2525 consulares
1917 2481 2058 2525 esse
2105 2458 2635 2537 existimabantur,
2680 2456 2853 2525 unde
2898 2458 3132 2523 factum
3178 2465 3273 2521 est
3304 2464 3375 2518 ut
3407 2450 3572 2517 Cae-

381 2566 546 2641 sari,
603 2564 706 2625 cui
764 2562 904 2647 lege
951 2564 1204 2627 Vatinia
1265 2584 1436 2631 anno
1482 2569 1614 2635 695
1659 2564 1784 2627 lata
1828 2567 1892 2629 in
1940 2568 2443 2651 quinquennium
2491 2567 2861 2651 provinciae
2910 2561 3327 2639 demandatae
3376 2568 3572 2635 erant,

380 2673 514 2735 iam
562 2668 710 2734 Kal.
753 2668 996 2732 Martiis
1043 2670 1192 2735 anni
1241 2674 1369 2742 700
1424 2669 1581 2735 illud
1641 2673 2146 2758 quinquennium
2205 2669 2527 2758 expletum
2581 2682 2750 2740 esset
2775 2671 2873 2752 ¹³),
2930 2690 3307 2757 quamquam
3364 2664 3573 2754 Aprili

385 2775 646 2842 demum
691 2795 912 2840 mense
955 2778 1106 2840 anni
1149 2780 1281 2848 696
1325 2780 1392 2842 in
1438 2779 1834 2863 provinciam
1879 2778 2244 2844 advenerat.

539 3039 794 3096 consules
831 3043 1056 3118 septimo
1101 3039 1312 3097 demum
1349 3059 1528 3097 meuse
1565 3045 1924 3118 magistratum
1961 3045 2174 3109 inirent,
2211 3043 2516 3119 provinciae
2553 3029 2729 3098 sutem
2754 3043 2968 3099 omuino
2991 3059 3097 3098 uon
3123 3038 3569 3096 distribuerentur

535 3129 629 3201 (cf.
667 3127 792 3184 Dio.
826 3127 927 3183 Xh
963 3131 1034 3185 46
1060 3139 1114 3184 et
1137 3133 1251 3199 56).
1309 3127 1556 3206 Denique
1591 3135 1740 3187 anuis
1777 3133 1879 3189 691
1919 3141 1973 3186 et
2007 3135 2114 3188 695
2150 3133 2451 3209 provinciae
2485 3139 2817 3209 praetorum,
2854 3139 3132 3206 antequam
3168 3130 3475 3204 magistratu
3508 3143 3571 3182 so

532 3216 928 3283 abdicaverant,
966 3235 1076 3272 non
1112 3217 1288 3274 solum
1321 3223 1620 3276 nominet-e
1655 3219 1752 3276 sed
1789 3221 1946 3276 etism
1979 3223 2037 3277 in
2069 3231 2275 3278 sortem
2306 3223 2577 3278 coniectae
2608 3228 2755 3290 sunt,
2790 3217 2849 3276 id
2884 3217 3034 3296 quod
3068 3217 3249 3294 colligi
3284 3223 3467 3295 potest
3500 3231 3569 3272 ex

533 3304 658 3364 Cic.
691 3305 759 3362 sd
797 3304 920 3362 fam.
961 3303 1030 3372 V,
1066 3311 1101 3364 2
1137 3315 1194 3362 et
1226 3305 1294 3364 ad
1330 3306 1436 3382 Qu.
1475 3306 1538 3364 fr.
1572 3307 1616 3378 1,
1651 3314 1704 3378 2,
1740 3312 1796 3366 3.

450 3416 504 3485 ⁸)
543 3411 660 3470 Cic.
696 3410 761 3468 ad
799 3412 908 3469 Ati.
947 3411 987 3481 1,
1026 3416 1094 3468 15
1131 3423 1186 3469 et
1220 3413 1287 3470 ad
1325 3413 1434 3489 Qu.
1474 3413 1537 3474 Ir.
1574 3415 1642 3484 II,
1677 3419 1728 3474 3.

445 3523 496 3596 ο)
531 3517 648 3576 Liv.
682 3517 880 3586 xxm,
904 3522 992 3586 21,
1027 3517 1146 3588 XL,
1169 3523 1258 3576 35.
1327 3519 1462 3578 Sall.
1503 3521 1600 3597 srg.
1639 3543 1689 3599 p.
1711 3525 1818 3578 244
1857 3522 1940 3580 ed.
1979 3519 2207 3580 Gerlach
2244 3531 2299 3579 et
2333 3522 2531 3580 ibidem
2567 3543 2621 3601 p.
2646 3525 2755 3580 23⁰
2789 3519 3015 3601 epistola
3050 3519 3318 3600 Pompeii,
3357 3517 3425 3576 de
3461 3537 3566 3594 qus

537 3609 690 3663 initio
729 3610 848 3662 enni
883 3607 1110 3664 relatum
1147 3627 1266 3665 esse
1303 3609 1494 3666 confici
1531 3619 1710 3686 potest
1745 3631 1812 3668 ex
1849 3609 1987 3668 Plut.
2026 3611 2155 3670 Luc.
2192 3615 2244 3670 5.

401 3717 485 3784 ¹⁰)
532 3712 696 3788 Quod
732 3716 1013 3772 statuimus
1041 3717 1381 3790 cognoscitur
1415 3737 1481 3772 ex
1517 3717 1632 3776 Cic.
1670 3717 1735 3773 sd
1776 3715 1882 3774 Au.
1919 3717 2015 3786 IV,
2045 3721 2127 3786 16,
2158 3722 2240 3785 18,
2278 3719 2342 3775 ad
2380 3717 2501 3778 fam.
2538 3718 2583 3786 1,
2606 3721 2657 3786 9,
2680 3720 2770 3787 25,
2806 3716 2875 3775 ad
2900 3717 3008 3795 Qu.
3032 3715 3096 3775 fr.
3122 3715 3213 3785 111,
3236 3721 3291 3774 2.
3337 3713 3426 3770 De
3450 3715 3565 3790 ipss

533 3813 707 3858 sutem
745 3801 861 3878 lege
901 3807 1095 3859 cui-ists
1132 3803 1233 3860 boc
1269 3805 1388 3860 loco
1426 3805 1688 3863 disserere
1723 3827 1829 3862 non
1867 3807 2089 3884 placuit,
2138 3811 2331 3885 partim
2371 3811 2515 3884 quod
2559 3810 2733 3863 miuus
2769 3809 3125 3864 necessarium
3164 3815 3249 3862 est
3284 3805 3565 3882 proposito

537 3901 738 3956 nostro,
774 3912 894 3947 nam
935 3895 1063 3968 quin
1099 3891 1190 3947 illa
1229 3892 1316 3948 lex
1352 3893 1664 3972 plerumque
1699 3898 1853 3951 initio
1889 3900 2010 3953 anui
2047 3897 2148 3953 leta
2185 3901 2257 3953 sit
2293 3896 2525 3952 dubitari
2561 3899 2763 3973 nequit,
2800 3899 2994 3974 partim
3033 3891 3178 3971 quod
3216 3912 3299 3948 res
3325 3901 3409 3948 est
3432 3889 3565 3946 mul·

531 3991 646 4037 tum
684 3990 738 4035 et
773 4000 930 4056 saepe
967 3985 1200 4057 quaesite
1248 3991 1406 4057 atque
1457 3983 1588 4039 eden
1626 3984 1880 4054 obscura,
1929 3997 1987 4042 ut
2030 3983 2166 4042 nihil
2209 3985 2321 4042 sere
2364 3985 2651 4059 excogitari
2694 3989 2872 4065 possit
2916 3983 3061 4060 quod
3096 4003 3203 4039 non
3240 3985 3471 4038 incurrat
3504 3981 3563 4034 in

531 4088 770 4141 magnam
809 4067 1036 4145 aliquem
1081 4067 1463 4126 difficultatem.

405 4181 485 4247 ¹¹)
531 4174 646 4234 Cic.
683 4173 747 4229 sd
787 4173 907 4229 sam.
943 4173 1063 4244 XII,
1106 4179 1197 4232 142
1253 4180 1458 4244 Quare
1504 4199 1636 4264 nors
1675 4190 1830 4254 puto
1873 4185 2138 4238 Pansam
2188 4193 2251 4240 et
2285 4183 2576 4240 Hirtium
2620 4185 2693 4238 in
2740 4181 3075 4236 consulatu
3108 4183 3563 4254 properaturos

531 4269 604 4322 in
634 4265 1002 4337 provincias
1038 4269 1232 4332 exire,
1272 4269 1380 4323 sed
1415 4267 1639 4325 Romae
1677 4281 1937 4328 acturos
1973 4275 2379 4329 consulatum.
2432 4269 2500 4328 ltt.
2530 4269 2758 4326 Crassus
2796 4278 2969 4323 sutem
3007 4288 3112 4323 non
3150 4264 3322 4321 solum
3360 4267 3416 4320 in
3438 4281 3561 4318 cou-

535 4351 706 4406 sut-tu
743 4350 880 4406 circa
921 4347 1037 4405 Kal.
1075 4348 1205 4408 Dec.
1244 4358 1372 4412 exiit
1410 4354 1577 4412 Roma
1616 4357 1709 4429 (sd
1748 4357 1856 4412 Ait.
1893 4355 1988 4426 IV,
2017 4364 2140 4432 13),
2186 4360 2284 4417 sed
2319 4369 2469 4417 antea
2506 4362 2611 4416 ism
2648 4344 3129 4432 legetum'miserst
3171 4355 3262 4430 qui
3300 4372 3399 4410 suo
3436 4348 3557 4405 loco

537 4435 761 4494 Gabinio
795 4439 1106 4495 succederet
1140 4443 1272 4514 (Dio
1307 4443 1560 4514 XXXIX,
1585 4449 1696 4516 60).
1763 4505 1768 4508 ,

407 4547 490 4614 ⁸²)
537 4541 605 4601 cf.
643 4539 754 4603 Cic.
792 4564 868 4602 or.
906 4544 972 4601 de
1006 4566 1156 4623 prov.
1194 4567 1340 4605 cous.
1384 4570 1428 4606 c.
1458 4555 1524 4607 15
1563 4572 1683 4608 cum
1721 4561 1846 4609 uota
1883 4551 2174 4611 Garatonii.

402 4654 460 4688 ¹⁸
537 4647 652 4708 cte.
688 4648 724 4705 l.
747 4649 782 4704 l.
841 4651 929 4708 Ex
965 4653 1150 4712 eadem
1186 4673 1246 4711 re
1281 4655 1506 4732 explico,
1543 4658 1672 4736 quid
1709 4661 1784 4716 sit
1817 4659 1962 4736 quod
1999 4659 2056 4717 P.
2081 4660 2342 4720 Servilius
2378 4661 2643 4718 Isauricus
2678 4657 2865 4718 consul
2900 4677 2947 4713 s.
2974 4659 3097 4724 675.
3134 4671 3448 4732 quamquem
3487 4651 3553 4708 nb

533 4757 672 4795 anno
696 4740 802 4794 676
827 4759 994 4817 usque
1019 4742 1084 4800 sd
1111 4747 1218 4802 679
1243 4746 1566 4821 provinciam
1591 4746 1834 4804 Ciliciam
1859 4749 2261 4820 administravit,
2298 4753 2715 4830 quinquennium
2738 4749 2995 4806 exercitui
3018 4745 3313 4823 praefuisse
3350 4743 3557 4801 dicatur

534 4848 567 4884 s
601 4825 715 4884 Cic.
753 4828 809 4882 iu
844 4824 966 4888 Ver.
1001 4829 1096 4898 111,
1131 4835 1234 4899 9⁰,
1281 4842 1338 4890 et
1373 4834 1516 4911 quod
1553 4835 1750 4894 Caesar
1783 4837 1954 4912 legem
1993 4839 2203 4910 tulerit,
2237 4859 2307 4897 ue
2340 4841 2633 4920 praetoriae
2666 4837 2973 4913 provinciae
3006 4833 3131 4910 plus
3167 4853 3325 4910 quam
3358 4853 3553 4891 annum

533 4935 666 4972 neve
699 4917 822 4994 plus
857 4935 1018 4995 quem
1053 4919 1324 4980 biennium
1361 4923 1668 4986 consulares
1708 4925 2089 4986 obtinerentur.
