4300 5475
2292 340 2413 427 14

775 577 1073 642 frumenti
1118 576 1427 637 rationem
1475 592 1548 634 ex
1593 566 1990 655 temporibus
2033 578 2102 630 et
2145 587 2401 631 annona
2448 564 2863 633 considerans
2914 564 3291 653 plerumque
3350 568 3519 655 larga
3550 566 3943 654 liberalique

775 683 1206 747 aestimatione
1265 678 1560 743 utebatur
1583 675 1678 759 ⁴⁹).
1771 672 1990 737 Veluti
2035 674 2247 737 Verre
2302 684 2603 759 praetore
2666 694 2807 737 cum
2850 676 2923 737 in
2967 674 3179 739 Sicilia
3227 676 3339 739 Hs
3384 674 3579 753 binis,
3640 696 3948 743 summum

775 788 890 852 HS
937 790 1130 851 ternis
1173 788 1364 849 tritici
1409 781 1660 846 modius
1705 790 1901 857 esset,
1948 782 2296 851 aestimavit
2342 790 2599 843 senatus
2646 780 2759 844 Hs
2808 782 3131 865 quaternis
3178 783 3365 845 tritici
3411 780 3719 859 modium,
3778 780 3946 847 binis

776 892 1023 957 bordei.
1117 892 1268 979 Quo
1315 900 1506 973 pacto
1551 907 1777 950 munus
1822 885 2117 951 frumenti
2162 888 2229 949 in
2272 886 2494 949 cellam
2537 886 2888 971 praebendi
2941 884 3297 951 aratoribus
3342 888 3410 949 in
3457 906 3749 951 annonae
3793 891 3951 951 cari.

775 1008 906 1062 tate
952 1016 1084 1061 non
1131 994 1471 1059 admodum
1518 1012 1720 1080 grave,
1767 990 1832 1055 in
1876 991 2116 1055 vilitate
2162 993 2344 1055 etiam
2388 1004 2633 1078 gratum
2678 1014 2819 1057 esse
2866 992 3103 1072 debuit,
3151 996 3269 1058 nisi
3316 995 3575 1057 avaritia
3624 1004 3687 1057 et
3714 1014 3947 1078 pravae

775 1104 1072 1169 libidines
1116 1104 1586 1187 magistratuum
1633 1097 2016 1173 effecissent,
2063 1106 2160 1174 ut,
2210 1119 2334 1181 qua
2376 1101 2443 1161 in
2489 1120 2559 1162 re
2607 1100 2845 1183 optime
2893 1109 2957 1163 et
3003 1099 3441 1183 benignissime
3486 1120 3629 1161 cum
3687 1100 3947 1165 aratori-

773 1209 898 1277 bus
947 1218 1160 1293 egerat
1206 1215 1476 1281 senatus,
1521 1207 1588 1266 in
1632 1201 1854 1266 eadem
1901 1202 2191 1287 improbe
2236 1215 2299 1268 et
2344 1216 2563 1290 aperte
2606 1203 3068 1290 praedarentur
3098 1216 3450 1290 praetores.
3514 1204 3706 1271 Nulla
3738 1214 3949 1269 autem

773 1336 844 1381 re
887 1318 1078 1400 magis
1123 1315 1326 1376 vexati
1371 1320 1520 1373 sunt
1563 1312 1776 1373 miseri
1805 1318 2088 1373 aratores
2121 1330 2309 1393 quam
2352 1322 2719 1395 praetorum
2750 1310 3215 1375 consuetudine
3246 1308 3617 1376 aestimandi
3652 1310 3951 1375 frumenti

778 1432 841 1487 et
887 1417 1266 1485 auserendae
1313 1419 1624 1501 pecuniae
1667 1436 1787 1501 pro
1833 1416 2171 1481 frumento,

955 1529 1136 1591 Haec
1181 1524 1558 1599 aestimatio,
1617 1524 1826 1607 inquit
1871 1520 2138 1601 Cicero,
2196 1532 2343 1587 nata
2390 1533 2485 1587 est
2528 1525 2709 1587 initio
2753 1542 2885 1587 non
2933 1545 3008 1587 ex
3052 1534 3417 1608 praetorum
3464 1532 3575 1585 aut
3620 1521 3949 1586 consulum

779 1633 893 1699 sed
939 1654 1016 1697 ex
1063 1640 1376 1693 aratorum
1425 1639 1487 1692 et
1534 1630 1855 1694 civitatum
1902 1628 2259 1693 commodo.
2350 1630 2571 1693 Nemo·
2607 1632 2771 1693 enim
2830 1628 2949 1691 suit
3002 1630 3181 1695 initio
3238 1639 3365 1691 tam
3421 1628 3777 1714 impudens,
3838 1631 3950 1713 qui

777 1761 919 1804 cum
979 1738 1357 1799 frumentum
1415 1733 1760 1799 deberetur
1813 1738 2148 1821 pecuniam
2210 1746 2528 1821 posceret.
2632 1734 2825 1800 Certe
2887 1736 3011 1799 hoc
3070 1734 3152 1799 ab
3216 1745 3469 1799 aratore
3526 1738 3793 1821 primum
3852 1743 3950 1798 est

776 1844 1134 1932 profectum
1191 1851 1300 1903 aut
1355 1838 1434 1903 ab
1493 1860 1568 1903 ea
1627 1844 1880 1906 civitate
1937 1843 2040 1905 cui
2095 1840 2549 1926 imperabatur:
2616 1862 2759 1905 cum
2812 1851 2919 1906 aut
2970 1841 3349 1906 frumentum
3397 1840 3789 1905 vendidisset
3840 1848 3949 1905 aut

775 1970 1033 2017 servare
1078 1946 1273 2010 vellet
1318 1957 1424 2010 aut
1469 1949 1534 2009 in
1581 1968 1722 2011 eum
1768 1947 1978 2014 locum
2027 1969 2157 2032 quo
2203 1947 2632 2032 imperabatur
2675 1958 2937 2033 portare
2982 1947 3209 2025 nollet,
3255 1950 3485 2034 petivit
3534 1950 3605 2010 in
3650 1945 3950 2010 beneficii

775 2057 926 2121 loco
973 2062 1035 2117 et
1079 2054 1341 2137 gratiae,
1397 2061 1466 2115 ut
1524 2052 1645 2115 sibi
1705 2072 1826 2139 pro
1883 2054 2201 2117 frumento
2260 2057 2478 2139 quanti
2532 2053 2913 2117 frumentum
2968 2065 3136 2117 esset
3194 2052 3346 2117 dare
3410 2052 3646 2117 liceret.
3736 2052 3949 2116 Inerat

777 2170 988 2227 autem
1033 2161 1096 2221 in
1143 2157 1248 2220 illa
1295 2158 1668 2223 aestimandi
1719 2158 2185 2223 consuetudine
2232 2162 2417 2223 etiam
2462 2158 2869 2245 praetoribus
2918 2159 3113 2244 aliqui
3158 2168 3457 2244 quaestus
3502 2160 3809 2226 honestus
3856 2170 3947 2223 at·-

777 2289 903 2353 que
948 2284 1310 2329 concessus.
1404 2266 1479 2329 In
1535 2264 1776 2328 vilitate
1835 2268 1998 2329 enim
2054 2286 2347 2330 annonae
2404 2267 2711 2351 plerique·
2740 2266 3145 2343 frumentum,
3208 2269 3507 2351 quoniam
3562 2265 3749 2329 vilius
3794 2274 3945 2345 erat,

775 2383 1017 2439 statuto
1059 2374 1270 2455 pretio
1315 2392 1447 2436 non
1495 2370 1817 2449 emebant,
1873 2372 1989 2437 sed
2045 2373 2364 2437 frumento
2422 2370 2681 2437 aliunde
2736 2375 2986 2437 minore
3040 2374 3249 2458 pretio
3301 2382 3672 2456 comparato
3718 2376 3949 2437 retine·-

771 2479 928 2545 bant
975 2474 1148 2561 quod
1195 2476 1540 2564 superabat
1580 2480 1892 2562 pecuniae
1937 2477 2134 2543 cellae
2181 2480 2437 2543 nomine
2480 2480 2557 2542 iis
2604 2476 2926 2554 decretae;
2972 2501 3097 2563 qua
3141 2480 3208 2541 in
3251 2498 3322 2541 re
3354 2477 3597 2542 lucrum
3626 2476 3947 2541 interdum

772 2582 1129 2671 pergrande
1176 2582 1369 2647 fnisse
1416 2604 1602 2649 nemo
1652 2593 1748 2646 est
1793 2587 1947 2670 quin
1989 2583 2320 2669 intelligat.
2398 2584 2471 2649 In
2520 2588 2781 2651 caritate
2824 2606 2997 2664 vero,
3046 2606 3169 2670 qua
3200 2606 3275 2649 ex
3306 2585 3645 2651 Ciceronis
3692 2583 3946 2668 quidem

772 2692 1083 2757 sententia
1137 2686 1374 2754 cibaria
1429 2692 1616 2754 etiam
1669 2687 1968 2755 uberiora
2025 2691 2193 2754 facta
2254 2699 2427 2769 sunt,
2489 2692 2623 2756 sive
2683 2701 2947 2778 praetor
3006 2690 3087 2756 ab
3148 2690 3507 2756 aratoribus
3567 2690 3946 2754 frumentum

775 2799 987 2884 ipsum
1033 2807 1384 2881 sumpserat
1429 2799 1566 2861 sive
1613 2800 2046 2862 aestimatione
2091 2797 2255 2860 facta
2302 2796 2476 2882 quod
2522 2799 2895 2863 interfuerat
2936 2801 3105 2866 inter
3148 2811 3401 2863 senatus
3446 2800 3947 2862 aestimationem

775 2915 840 2968 et
894 2906 1201 2967 rationem
1257 2923 1552 2968 annonae
1603 2904 1672 2966 in
1726 2905 1992 2966 nummis
2039 2913 2401 2989 acceperat,
2456 2905 2610 2988 quid
2668 2905 2829 2969 lucri
2886 2909 2945 2969 ei
2990 2907 3333 2970 accesserit
3378 2907 3718 2989 excogitari
3760 2903 3945 2969 nullo

772 3007 970 3074 modo
1017 3019 1257 3094 potest,
1315 3012 1435 3073 nisi
1491 3019 1602 3072 aut
1657 3019 1914 3077 senatus
1969 3011 2269 3074 maiorem
2320 3010 2617 3074 frumenti
2670 3029 3001 3075 numerum
3060 3028 3245 3094 quam
3302 3031 3433 3094 quo
3478 3009 3941 3094 magistratibus

771 3129 925 3180 usus
973 3124 1140 3179 esset
1185 3113 1582 3194 decernebat,
1630 3126 1737 3178 aut
1783 3125 2114 3202 praetores
2159 3135 2234 3178 ex
2280 3115 2415 3178 aliis
2460 3120 2827 3201 provinciis,
2872 3114 2986 3180 ubi
3032 3135 3285 3179 annona
3325 3119 3535 3178 min-us
3582 3135 3944 3200 compressa

772 3230 956 3298 esset,
1001 3220 1377 3284 frumentum
1407 3218 1529 3282 sibi
1559 3219 2044 3285 subvehendum
2075 3218 2398 3284 curabant.
2461 3223 2699 3307 Magno
2734 3233 2939 3287 autem
2972 3221 3226 3286 cumulo
3256 3222 3613 3305 praetorius
3646 3231 3945 3305 quaestus

772 3336 996 3390 auctus
1039 3335 1162 3402 est,
1219 3327 1524 3414 quotiens
1571 3324 1804 3388 accidit
1843 3335 1914 3388 ut
1959 3347 2219 3390 annona
2256 3329 2525 3410 pretium
2570 3327 2830 3392 haberet
2876 3337 3145 3411 aut.per
3186 3325 3387 3390 breve
3432 3337 3679 3412 tempus
3722 3338 3832 3393 aut
3878 3330 3943 3390 in

771 3425 1098 3496 nonnullis
1142 3440 1380 3493 tantum
1425 3434 1795 3516 provinciae
1835 3431 2016 3496 locis.
2105 3431 2434 3517 Quoniam
2481 3435 2643 3497 enim
2689 3451 2823 3497 non
2869 3435 3081 3519 potuit
3124 3451 3257 3496 non
3302 3433 3944 3516 concedimagistra-

778 3536 960 3613 tibus,
1007 3545 1078 3597 ut
1123 3537 1197 3597 iis
1246 3556 1375 3622 quo
1424 3546 1711 3623 tempore
1757 3546 1864 3600 aut
1910 3558 2040 3621 quo
2075 3539 2222 3604 loco
2255 3538 2492 3603 vellent
2516 3539 2903 3614 ¹frumentum
2935 3540 3223 3624 accipere
3256 3537 3489 3616 liceret,
3535 3539 3945 3606 instituerunt

775 3662 1027 3728 semper
1072 3649 1178 3702 aut
1221 3641 1289 3702 in
1337 3638 1552 3708 ultima
1598 3665 1673 3706 ac
1717 3639 2086 3706 difficillima
2134 3643 2215 3708 ad
2260 3641 2643 3730 portandum
2690 3643 2832 3707 loca
2880 3655 3161 3730 aut‚quo
3209 3646 3354 3711 anni
3387 3655 3673 3730 tempore
3706 3667 3943 3710 summa

777 3757 943 3812 esset
989 3749 1078 3810 rei
1126 3745 1566 3812 frumentariae
1607 3751 1832 3834 inopia
1875 3749 2253 3816 frumentum
2296 3755 2625 3836 imperare,
2672 3759 2741 3816 ut
2786 3760 2895 3814 aut
2938 3771 3234 3817 annonae
3278 3761 3387 3814 aut
3431 3761 3731 3824 vecturae
3774 3751 3943 3817 diffi-

773 3851 1008 3918 cultate
1051 3851 1134 3914 ad
1179 3872 1366 3936 quam
1411 3853 1651 3919 vellent
1710 3855 2206 3920 aestimationem
2261 3860 2687 3944 pervenirent.
2762 3855 2969 3940 Quae
3026 3878 3167 3921 cum
3224 3859 3311 3920 ita
3368 3867 3607 3934 essent,
3659 3858 3939 3923 miranda

773 3959 932 4022 haec
977 3955 1231 4042 quidem
1275 3977 1409 4022 non
1455 3971 1626 4036 sunt,
1671 3978 1884 4045 neque
1929 3959 2109 4046 quod
2156 3963 2475 4027 Sacerdos
2522 3973 2785 4048 praetor
2826 3961 3109 4040 Siciliae,
3170 3965 3276 4046 qui
3324 3981 3465 4025 eum
3512 3973 3661 4028 ante
3704 3982 3939 4029 novum

775 4067 960 4128 tritici
1018 4062 1269 4128 modius
1331 4063 1602 4128 denariis
1661 4067 1867 4149 quinis
1925 4078 2094 4131 esset
2149 4067 2526 4132 frumentum
2588 4071 2653 4132 in
2708 4066 2928 4132 cellam
2983 4069 3359 4154 imperatum
3417 4065 3690 4133 denariis
3750 4065 3982 4134 ternis‘

777 4172 1222 4247 aestimaverat,
1270 4169 1638 4264 sublevasse
1685 4175 2118 4238 aestimatione
2166 4196 2279 4238 sua
2324 4184 2604 4237 aratores
2651 4171 2905 4252 dicitur,
2952 4196 3159 4260 neque
3207 4170 3382 4260 quod
3432 4170 3940 4252 Philomelenses,

779 4273 1009 4359 quibus
1056 4275 1378 4360 Ephesum
1433 4277 1812 4342 frumentum
1867 4281 2242 4364 imperatum
2290 4288 2453 4356 erat,
2512 4284 2731 4364 quanti
2774 4279 3009 4364 Ephesi
3068 4290 3203 4347 erat
3257 4289 3501 4349 tautum
3546 4277 3697 4352 dare
3738 4278 3939 4344 malu-

778 4389 966 4446 erunt
1009 4381 1076 4446 iu
1118 4381 1440 4467 Phrygia„
1475 4404 1674 4468 quam-
1703 4385 2036 4470 Ephesum.
2077 4395 2339 4469 portare
2390 4383 2771 4452 frumentum
2822 4395 2935 4450 aut
2959 4426 2965 4439 ·
2990 4385 3073 4451 ad
3115 4385 3833 4468 emendum..pec=miam
3876 4394 3939 4448 et

783 4661 868 4728 ⁴⁹)
921 4657 1098 4732 Quam
1137 4661 1360 4736 benigne
1401 4673 1616 4721 senatus
1663 4682 1784 4718 eum
1828 4662 2127 4721 aratoribus
2174 4666 2365 4738 egerit,
2409 4661 2727 4739 intelligitur
2771 4685 2877 4722 non
2914 4673 3020 4722 um
3056 4664 3179 4722 iude
3214 4662 3361 4740 quod
3398 4659 3489 4718 HS
3512 4661 3591 4719 lv
3626 4665 3795 4720 uiuet
3826 4683 3935 4719 mo·

913 4746 1065 4804 dium
1097 4751 1466 4808 aestimaverat
1497 4773 1617 4810 cum
1655 4750 1746 4806 Hs
1770 4752 1820 4806 11
1855 4763 2024 4818 esset,
2069 4751 2124 4810 id
2170 4753 2314 4827 quod
2358 4768 2483 4808 essu
2522 4752 2757 4830 quodam
2794 4757 3033 4810 evenisse
3064 4763 3271 4828 potest,
3318 4767 3587 4828 quam-ex·
3614 4751 3744 4818 boc,
3790 4754 3936 4828 quod

910 4835 1099 4894 eodem
1135 4847 1372 4914 tempore
1409 4843 1524 4916 lege
1562 4839 1810 4898 Terentia
1845 4851 1902 4896 et
1938 4840 2126 4898 Cassia
2164 4841 2429 4918 frumento
2472 4853 2653 4918 empto
2698 4845 3313 4920 patin-constitutum
3348 4853 3465 4897 erat·
3494 4843 3549 4896 in
3570 4840 3797 4896 modios
3832 4844 3935 4897 sin·

911 4924 1063 4998 gulos
1102 4925 1194 4982 HS
1219 4925 1311 4993 111,
1348 4947 1483 5002 quae
1516 4929 1828 4996 aestimatio,
1865 4931 1913 4985 si
1951 4927 2199 4987 Ciceroni
2235 4929 2369 4995 fides
2400 4930 2645 4992 habenda
2682 4930 3019 5000 ausindis
3054 4941 3201 5006 grat·
3236 4949 3357 4996 enne
3390 4929 3595 4994 &bvii-⁴⁸
