4300 5475
2307 354 2423 439 16

787 584 964 671 quod
1031 580 1312 647 vendere
1385 580 1658 657 nollent,
1732 598 1953 643 revera
2028 588 2098 643 ut
2174 576 2632 664 amplificarent
2696 580 2999 664 pretinm,
3074 600 3190 644 eos
3260 578 3647 666 aliquamdiu
3710 586 3943 649 morati

787 700 1025 763 essent,
1087 710 1296 753 emere
1349 686 1600 750 tandem
1657 688 1863 771 pretio
1920 685 2213 771 impenso
2272 684 2449 769 quod
2511 682 2811 769 deinceps
2872 694 3109 751 statuto
3158 696 3221 750 et
3266 689 3401 751 sine
3446 686 3645 753 dubio
3688 687 3945 755 modico

783 794 1154 860 venderent.
1233 794 1379 877 Qua
1407 796 1652 858 ratione
1697 813 1732 854 a
1775 790 2066 875 praeside
2111 812 2393 875 magnam
2441 793 2771 875 pecuniam
2816 792 2959 876 capi
3004 810 3213 876 neque
3257 794 3569 857 tamenin
3600 814 3679 857 eo
3712 796 3950 859 crimen

787 903 1090 967 constitui
1121 901 1424 984 potuisse,
1474 902 1616 983 quis
1644 919 1778 962 non
1808 895 2002 973 videt,
2049 898 2160 980 qui
2188 894 2387 961 modo
2420 916 2697 981 unquam
2726 896 3135 962 mediocriter
3176 898 3315 962 illas
3345 920 3451 963 res
3482 900 3645 963 scire
3672 902 3951 966 curavit?

961 1004 1300 1088 Reliquum
1349 1013 1446 1066 est
1489 1006 1610 1067 iam
1655 1012 1724 1065 ut
1770 1023 2175 1087 quaeramus,
2222 1005 2489 1086 primum
2536 1024 2807 1086 quorum
2852 1005 2919 1066 in
2965 1024 3146 1067 usum
3192 1002 3348 1067 illud
3394 1004 3775 1069 frumentum
3820 1006 3951 1071 col·-

785 1113 994 1189 latum,
1041 1108 1274 1173 deinde
1321 1132 1444 1194 qua
1490 1110 1736 1173 ratione
1777 1112 2054 1193 pecunia
2099 1109 2236 1171 eius
2282 1109 2537 1172 nomine
2583 1107 2839 1173 decreta
2886 1107 3317 1174 administrata
3360 1112 3459 1175 sit.
3549 1111 3629 1173 Et
3682 1113 3950 1196 primum

785 1216 1040 1304 quidem
1087 1216 1468 1281 frumentum
1511 1217 1578 1278 in
1624 1213 1841 1277 cellam
1887 1211 1966 1275 ad
2013 1225 2373 1297 praetorem
2432 1217 2697 1298 eiusque
2754 1218 3013 1279 comites
3060 1214 3330 1279 alendos
3374 1218 3749 1300 imperatum
3794 1236 3951 1293 esse,

780 1327 848 1392 id
901 1324 1078 1412 quod
1127 1322 1313 1406 vulgo
1362 1319 1656 1397 creditur,
1701 1341 1922 1406 parum
1965 1318 2114 1383 mihi
2161 1319 2489 1405 probatur.
2552 1321 2811 1385 Etiamsi
2844 1322 3008 1384 enim
3054 1319 3211 1383 illud
3244 1319 3623 1384 frumentum
3654 1320 3734 1384 ad
3764 1342 3951 1406 prae*

784 1443 1004 1509 torem,
1053 1429 1464 1493 decumanum
1511 1446 1664 1489 vero
1712 1437 1774 1489 et
1820 1434 2096 1510 emptum
2143 1424 2226 1487 ad
2272 1424 2581 1510 populum
2627 1427 3012 1511 pertinuisse
3060 1424 3293 1490 dicitur
3324 1447 3359 1489 a
3394 1423 3715 1491 Cicerone
3759 1449 3812 1490 c.
3842 1432 3953 1505 87,

783 1537 984 1603 multo
1031 1548 1236 1598 tamen
1280 1534 1482 1595 maior
1525 1534 1660 1595 eius
1707 1532 1892 1614 copia
1936 1529 2133 1594 fuisse
2179 1529 2457 1607 videtur,
2513 1552 2701 1615 quam
2752 1552 2919 1616 quae
2978 1529 3239 1596 daretur
3290 1543 3417 1595 tam
3474 1536 3701 1616 exiguo
3746 1531 3947 1597 homi-

781 1664 935 1709 num
988 1658 1252 1704 numero
1309 1635 1391 1701 ad
1445 1640 1636 1701 vitam
1681 1633 2171 1702 sustentandam.
2260 1636 2493 1720 Neque
2550 1640 2716 1701 enim
2772 1635 2979 1721 solum
3039 1658 3377 1723 permagna
3435 1636 3635 1701 cellae
3690 1640 3951 1703 nomine

777 1748 1052 1837 pecunia
1101 1745 1292 1807 Verri
1335 1741 1592 1807 decreta
1637 1762 1777 1807 esse
1825 1740 2124 1820 traditur,
2184 1740 2299 1804 sed
2358 1741 2433 1807 C.
2482 1742 2739 1807 Sentius
2796 1762 3057 1827 quoque
3116 1741 3529 1829 pergrandem
3576 1764 3653 1807 ex
3696 1742 3949 1807 cibariis

781 1854 1114 1941 pecuniam
1162 1870 1234 1913 ex
1267 1846 1648 1915 Macedonia
1691 1846 1884 1911 salvis
1929 1845 2173 1932 legibus
2221 1845 2601 1933 deportavit.
2672 1846 2777 1911 Ad
2824 1848 2949 1913 boc
2996 1850 3086 1913 M.
3120 1848 3307 1928 Cato,
3354 1870 3493 1913 cum
3536 1850 3607 1912 in
3656 1848 3949 1915 Sardinia

781 1968 1041 2045 praetor
1085 1966 1280 2033 esset,
1324 1957 1390 2021 in
1435 1975 1618 2019 suum
1666 1956 2092 2037 comitumque
2135 1975 2319 2017 usum
2365 1956 2553 2017 tritici
2596 1952 2848 2019 modios
2896 1952 3176 2020 CCXVI
3232 1965 3295 2019 et
3348 1952 3579 2019 hordei
3622 1954 3949 2021 MMCLX

779 2068 848 2129 in
903 2083 1134 2127 annum
1189 2082 1324 2127 non
1380 2059 1526 2145 plus
1581 2080 1614 2123 a
1673 2057 2030 2123 civitatibus
2084 2068 2245 2123 teste
2292 2059 2633 2125 Plutarcho
2677 2082 2731 2124 c.
2766 2064 2811 2129 6
2856 2062 3074 2144 exegit.
3168 2058 3372 2125 Cuius
3416 2058 3831 2145 frugalitatem
3878 2070 3951 2125 et

777 2172 1211 2235 innocentiam
1259 2168 1540 2251 quamvis
1587 2164 1736 2229 licet
1779 2162 2076 2229 laudibus
2122 2165 2413 2245 extollas,
2465 2176 2673 2229 tamen
2718 2167 2825 2229 vix
2870 2167 3165 2250 cuiquam
3210 2163 3625 2249 persuadeas,
3688 2166 3949 2234 Verrem

781 2274 1008 2341 eodem
1055 2276 1310 2340 nomine
1355 2270 1436 2335 ab
1483 2291 1614 2335 uno
1661 2278 1937 2348 aratore,
2003 2291 2146 2335 cum
2194 2292 2272 2335 ex
2314 2280 2491 2335 tanto
2538 2281 2853 2335 aratorum
2898 2290 3164 2335 numero
3210 2290 3399 2337 nemo
3444 2272 3735 2335 immunis
3780 2281 3950 2336 esset

783 2386 865 2463 (c.
895 2386 1044 2463 97),
1097 2378 1266 2443 mille
1319 2374 1572 2443 modios
1628 2379 1874 2461 exigere
1917 2378 2225 2460 potuisse.
2314 2374 2421 2440 Ad
2464 2377 2767 2443 maiorem
2810 2378 3002 2462 igitur
3044 2378 3365 2442 hominum
3410 2396 3744 2441 numerum
3788 2375 3949 2444 illud

776 2488 1154 2552 frumentum
1201 2485 1584 2570 pertinuisse
1629 2486 1848 2567 utique
1893 2482 2297 2548 statuendum
2344 2491 2460 2545 est.
2552 2480 2669 2547 Ille
2724 2493 2929 2547 autem
2990 2486 3099 2568 qui
3144 2503 3287 2545 esse
3331 2485 3567 2565 possit,
3622 2484 3743 2547 nisi
3786 2482 3949 2548 mili-

777 2604 910 2657 tum
965 2596 1074 2678 qui
1129 2586 1450 2677 praesidio
1507 2597 1685 2653 erant
1737 2590 1976 2673 pacatis
2033 2590 2377 2675 provinciis
2400 2586 2514 2668 ⁸¹)?
2613 2586 2697 2649 Iis
2756 2590 2945 2664 enim,
3004 2585 3241 2672 quibus
3294 2588 3502 2651 Roma
3562 2597 3945 2654 commeatus

777 2698 1060 2764 submitti
1104 2699 1241 2762 sine
1289 2694 1662 2760 detrimento
1709 2714 1842 2758 non
1901 2704 2176 2780 poterat,
2232 2692 2463 2782 quibus
2516 2712 2599 2760 ne
2655 2691 2959 2758 decumae
3012 2692 3266 2778 quidem
3324 2691 3835 2762 attribuebantur
3854 2694 3946 2777 ⁶⁹),

777 2825 905 2890 qua
955 2807 1204 2868 ratione
1261 2821 1590 2866 censemus
1647 2821 1780 2868 rem
1833 2800 2305 2864 frumentariam
2361 2802 2681 2885 provisam
2738 2804 2917 2864 esse?
3019 2801 3491 2885 Imperatumne
3558 2821 3697 2864 esse
3754 2803 3945 2867 sociis

775 2911 1175 2988 frumentum,
1221 2929 1342 2994 pro
1391 2928 1520 2993 quo
1566 2910 1840 2991 pretium
1883 2925 2014 2972 non
2061 2905 2452 2970 solveretur?
2525 2907 2677 2970 Non
2724 2905 2995 2970 videtur.
3079 2907 3294 2972 Pretia
3340 2908 3505 2970 enim
3552 2905 3761 2973 soluta
3804 2927 3946 2972 esse

775 3016 1092 3082 interdum
1142 3001 1494 3090 traduntur,
1539 3011 1734 3076 veluti
1783 3031 1816 3074 a
1863 3013 2047 3078 Livio
2093 3013 2327 3090 XLIV,
2363 3016 2446 3082 16
2489 3021 2553 3076 et
2598 3011 2919 3077 Cicerone
2961 3014 3027 3075 in
3075 3013 3261 3076 Verr.
3308 3011 3389 3088 11,
3420 3018 3485 3088 23
3532 3033 3745 3097 neque
3790 3033 3944 3097 que-

771 3125 1083 3188 rimoniae
1131 3122 1448 3184 civitatum
1495 3115 1850 3182 audiendae
1895 3127 2071 3194 sunt,
2125 3139 2269 3185 nam
2314 3127 2583 3207 propter
2625 3120 2995 3182 vexationes
3040 3119 3513 3204 magistratuum
3558 3128 3623 3182 et
3668 3118 3943 3182 frumen-

771 3239 908 3293 tum
951 3232 1018 3292 in
1065 3225 1282 3292 cellam
1323 3223 1520 3289 Siculi
1563 3225 1752 3310 gratis
1798 3220 1949 3286 dare
1994 3222 2338 3289 voluerunt
2382 3235 2447 3288 et
2490 3246 2575 3290 ne
2620 3223 2845 3288 milites
2890 3227 2955 3288 in
3000 3224 3265 3290 hiberna
3308 3227 3688 3309 reciperent,
3734 3245 3945 3308 quam-

775 3355 962 3419 quam
1008 3353 1092 3398 ne
1139 3331 1262 3395 hoc
1307 3332 1564 3414 quidem
1607 3351 1834 3394 munus
1879 3331 2217 3414 gratuitum
2266 3341 2401 3394 erat
2421 3331 2523 3412 ⁶³),
2584 3329 2818 3414 Cyprii
2864 3329 3099 3394 talenta
3142 3332 3353 3396 Attica
3400 3329 3524 3396 CC
3572 3327 3943 3412 proconsuli

775 3439 1111 3504 dederunt.
1181 3435 1313 3502 Sed
1345 3446 1491 3501 sunt
1523 3435 1642 3500 alia
1675 3440 1811 3500 eius
1845 3438 1938 3499 rei
1967 3433 2219 3512 indicia,
2266 3457 2431 3520 quae
2462 3438 2579 3500 etsi
2612 3457 2747 3500 non
2794 3446 2944 3500 sunt
2988 3439 3259 3502 certiora
3305 3436 3448 3515 illis,
3496 3438 3699 3500 minus
3733 3444 3944 3502 tamen

776 3545 1012 3610 habent
1055 3541 1158 3606 vel
1201 3540 1607 3606 obscuritatis
1653 3541 1755 3608 vel
1801 3543 2054 3606 erroris.
2143 3545 2245 3606 An
2292 3544 2443 3606 satis
2490 3539 2799 3606 credibile
2842 3540 3097 3606 videtur
3140 3563 3299 3618 esse,
3346 3552 3411 3606 et
3457 3542 3547 3606 M.
3595 3542 3945 3606 Antonium

773 3652 1110 3716 menstruis
1164 3645 1416 3711 cibariis
1469 3647 1788 3732 exigendis
1847 3657 1908 3710 et
1965 3645 2367 3712 aestimandis
2426 3659 2709 3713 aratores
2770 3646 3024 3712 Siculos
3082 3647 3277 3712 bouis
3332 3650 3663 3724 evertisse,
3726 3651 3785 3710 si
3836 3645 3944 3711 illa

779 3755 1014 3820 cibaria
1059 3757 1193 3820 eius
1237 3762 1478 3816 tantum
1527 3755 1948 3835 comitumque
1993 3751 2279 3831 fuissent,
2322 3762 2390 3817 et
2431 3755 2501 3818 P.
2536 3751 2886 3831 Servilium,
2934 3775 3075 3818 cum
3106 3755 3613 3839 quinquennium
3644 3754 3947 3818 exercitui

775 3873 1130 3948 praeesset,
1185 3854 1577 3924 aestimando
1633 3858 1954 3922 frumento
2015 3857 2207 3924 solito
2267 3861 2569 3924 maiorem
2633 3869 2697 3922 et
2756 3879 2961 3944 paene
3020 3859 3542 3928 innumerabilem
3607 3861 3941 3943 pecuniam

784 4055 803 4084 ⁸
823 4056 876 4124 ¹)
923 4048 1218 4108 Plurimum
1267 4053 1518 4108 intererat
1560 4048 1658 4105 liae
1705 4049 1772 4105 de
1815 4069 1874 4106 re
1908 4051 2048 4105 inter
2082 4052 2347 4107 exercitus
2384 4053 2478 4128 qui
2514 4053 2569 4108 in
2606 4059 2743 4108 terra
2781 4049 2961 4108 hostili
3000 4051 3201 4110 bellum
3236 4053 3491 4129 gerebant
3526 4061 3706 4111 contra
3742 4051 3943 4118 hostes,

919 4149 974 4194 et
1011 4141 1147 4193 inter
1182 4157 1276 4193 eos
1313 4139 1402 4214 qui
1440 4141 1494 4194 in
1533 4140 1820 4216 provinciis
1855 4139 2201 4196 versabantur
2237 4150 2298 4195 ut
2333 4148 2606 4197 tuerentur
2648 4139 2842 4197 socios.
2897 4139 3014 4197 Illis
3051 4153 3399 4199 commeatum
3427 4150 3783 4218 comparatum
3820 4157 3943 4193 esse

918 4237 1009 4282 aut
1045 4246 1141 4302 per
1177 4223 1537 4303 redemptores
1573 4235 1662 4282 aut
1688 4224 2055 4287 frumentando
2081 4242 2172 4288 aut
2194 4226 2503 4306 imperando
2528 4237 2619 4283 aut
2644 4226 2990 4284 subvehendo
3016 4231 3287 4303 vectigalia
3320 4229 3705 4287 frumentumve
3730 4223 3941 4280 aliunde

921 4324 1236 4390 coemptum,
1271 4333 1380 4369 non
1417 4325 1499 4370 est
1535 4315 1678 4390 quod
1714 4335 1993 4391 negemus3
2031 4319 2193 4377 silent
2226 4321 2477 4375 nimirum
2512 4318 2651 4374 inter
2688 4335 2827 4373 arma
2866 4315 3009 4390 leges
3046 4313 3205 4393 atque
3240 4317 3457 4374 utilitati
3495 4325 3614 4371 ante
3648 4315 3823 4370 omnia
3850 4333 3939 4392 pa—

917 4401 1136 4459 rendum
1173 4411 1274 4459 est.
1347 4398 1484 4456 Vide
1521 4399 1635 4458 Liv.
1667 4403 1920 4476 XXXIV,
1943 4411 1998 4472 9,
2033 4407 2231 4477 XXIII,
2255 4411 2342 4476 48,
2366 4411 2455 4474 49,
2492 4407 2769 4476 xxxva,
2788 4413 2879 4476 50,
2914 4405 3169 4474 xxxvl,
3190 4411 3247 4476 3,
3280 4405 3451 4472 xlm,
3476 4408 3563 4460 27·

784 4495 874 4560 η)
919 4490 1087 4545 Annis
1124 4494 1244 4558 563,
1281 4493 1402 4558 564,
1445 4492 1565 4557 565,
1601 4494 1707 4548 584
1742 4492 1981 4551 Siculum
2020 4495 2342 4553 frumentum
2380 4496 2723 4554 decumanum
2760 4515 2915 4554 omne
2952 4497 3008 4551 in
3043 4493 3315 4551 Graeciam
3352 4495 3577 4548 missum
3614 4501 3714 4558 est,
3757 4510 3937 4567 quam·

917 4597 1072 4654 quam
1111 4578 1165 4633 in
1203 4577 1383 4634 Sicilia
1421 4576 1558 4652 legio
1595 4599 1694 4634 una
1731 4593 1787 4638 et
1821 4580 2005 4640 classis
2044 4584 2171 4650 fuit3
2218 4583 2285 4640 cf.
2325 4583 2441 4642 Liv.
2478 4583 2729 4648 xxxvl,
2764 4589 2831 4652 2,
2878 4582 3157 4649 XXXVII,
3179 4589 3231 4648 2,
3254 4585 3352 4648 50,
3400 4577 3566 4644 XLII,
3590 4581 3675 4634 31.
3748 4577 3938 4636 Postea

917 4667 1201 4743 quotannis
1237 4664 1456 4724 Romam
1493 4666 1766 4724 advectum
1814 4682 1919 4728 est:
1967 4671 2036 4730 cl'.
2074 4671 2190 4730 Cic.
2225 4675 2283 4728 in
2322 4671 2471 4730 Vei-r.
2508 4671 2599 4740 111,
2624 4677 2708 4730 74.
2782 4673 3017 4734 Omnino
3063 4668 3363 4746 publicanis
3408 4667 3611 4734 ‚Rom-⁰
3645 4669 3937 4725 mercedem

913 4755 1196 4813 locationis
1231 4755 1630 4830 persolvendam
1671 4756 1860 4826 fuisse,
1907 4780 2020 4817 mea
2065 4770 2149 4818 est
2186 4765 2471 4828 sententia,
2519 4781 2675 4836 quam
2724 4771 2899 4821 tamen
2940 4759 3267 4834 argumentis
3314 4756 3625 4816 confirmare
3670 4757 3772 4814 boc
3816 4756 3938 4812 loeo
3972 4741 3985 4754 ⁸

913 4864 1022 4902 nou
1056 4861 1298 4921 possum.

781 4937 868 5003 ⁸³)
917 4931 1035 4990 Cic.
1071 4949 1170 5007 pro
1205 4929 1321 5004 lege
1355 4928 1532 4988 manil.
1570 4938 1638 4991 13
1672 4944 1728 4991 et
1761 4933 1869 4993 Dio
1907 4931 2130 4999 Cassius
2170 4935 2286 5005 XL,
2326 4943 2410 4998 14.
2484 4939 2571 5002 De
2606 4937 2830 5017 Cypriis
2848 4934 2933 4998 cf.
2966 4935 3035 4994 ad
3072 4937 3190 4995 Mt·-
3229 4933 3295 5002 V,
3324 4939 3411 4992 21.
