4300 5475
1868 364 1980 451 11

347 606 584 675 santur,
611 592 676 663 id
709 604 804 658 est
830 590 1322 681 repetundarum
1349 587 1612 658 maxime
1639 601 1702 655 et
1729 588 2082 678 peculatus,
2120 590 2245 654 hoc
2272 589 2421 655 leco
2454 600 2827 676 spect-amus,
2870 602 3081 657 tamen
3108 592 3283 659 illam
3316 614 3505 686 quae·

347 700 620 767 ationem
645 712 817 767 recte
835 699 1164 765 instituere
1183 718 1316 763 non
1339 718 1692 784 possumus,
1725 697 1882 783 quin
1897 719 2068 783 quae
2091 706 2446 761 ceterorum
2466 697 2777 782 praetoris
2804 698 3103 768 comitum
3126 700 3505 771 ratio-inerit

347 808 532 875 simul
563 810 629 871 in
671 805 1190 892 disceptationem
1219 824 1536 869 vocemus.
1596 804 1774 868 Inter
1804 824 1919 869 eos
1955 814 2181 883 autem,
2226 804 2337 897 qui
2366 816 2723 889 praetorem
2749 804 2819 871 in
2851 804 3247 891 provinciam
3274 826 3505 893 seque-

345 914 592 991 bantur,
635 934 777 977 cum
819 912 974 977 aliae
1015 911 1248 975 multae
1285 922 1423 975 tum
1453 910 1610 973 haec
1650 907 2004 975 intercessit
2045 907 2509 988 dissimilitudo,
2556 910 2730 993 quod
2773 910 2876 977 alii
2916 914 3230 997 praetoris
3262 914 3501 983 iudicio

347 1019 578 1087 delecti
617 1018 738 1085 nisi
779 1016 956 1083 cuius
993 1016 1118 1093 ille·
1145 1014 1406 1082 dederat
1441 1015 1681 1084 nullius
1719 1014 1810 1081 rei
1847 1025 2227 1102 potestatem
2248 1015 2610 1094 ¹hebebant,
2648 1015 2753 1081 alii
2792 1016 2929 1083 sive
2962 1040 2997 1082 a
3024 1020 3271 1105 populo
3302 1020 3437 1087 aive
3466 1044 3505 1088 a

344 1136 570 1191 senatu
609 1128 888 1211 praetori
925 1122 1248 1189 adiutores
1287 1121 1418 1188 dati
1457 1122 1660 1187 multa,
1691 1121 1782 1188 illi
1823 1120 2075 1213 quidem
2117 1144 2283 1209 quae
2314 1132 2604 1207 'praetor‘
2623 1120 2704 1186 iis
2742 1123 3136 1190 commiserat
3178 1127 3502 1207 curabant,

345 1231 899 1300 habehant-tamen
928 1233 1341 1316 etprepriam
1373 1228 1684 1315 quandam
1725 1240 2104 1315 potestatem
2147 1229 2415 1294 delatam
2437 1224 2584 1292 :sibi
2625 1225 2765 1313 lege
2806 1241 3145 1296 senatusve
3186 1234 3502 1313 consulto,

343 1358 476 1403 non
518 1336 826 1423 praetoris
865 1336 1179 1401 mandatu.
1213 1336 1327 1401 -Hi
1371 1347 1552 1401 erant
1589 1346 1896 1421 quaestor
1939 1346 2004 1399 et
2044 1334 2228 1421 legati
2248 1336 2339 1417 a),
2382 1331 2660 1419 quitres
2699 1335 2833 1399 iere
2864 1347 3217 1420 praetorem
3252 1343 3505 1405 comita-

343 1444 592 1523 bantur,
623 1442 715 1509 illi
746 1442 936 1509 ceteri
969 1442 1246 1522 comites,
1275 1440 1522 1511 tribuni
1547 1442 1864 1519 militares,
1893 1439 2217 1529 praefecti,
2252 1440 2516 1518 scribae,
2548 1439 2793 1519 medici,
2826 1440 3207 1527 haruspices,
3238 1466 3505 1530 praeco-

346 1570 488 1630 nes,
531 1548 660 1629 alii,
705 1548 812 1635 qui
857 1570 1080 1614 omnes
1117 1548 1300 1635 quasi
1341 1570 1418 1613 ex
1459 1549 1728 1613 cohorte
1765 1547 2082 1633 praetoria
2121 1530 2623 1633 appellabantur.
2696 1546 2823 1611 lam
2876 1545 3027 1611 hinc
3078 1550 3503 1615 coniecturam

345 1659 496 1721 satis
525 1655 924 1742 probabilem
957 1656 1038 1720 de
1065 1676 1138 1721 re
1165 1654 1234 1720 in
1265 1654 1762 1721 controversiam
1791 1664 2030 1719 vocata»
2047 1674 2281 1741 capere
2304 1653 2478 1718 iicet
2530 1653 2979 1741 Quaecunque
3010 1654 3174 1724 enim
3206 1668 3505 1741 quaestor

347 1774 410 1831 et
451 1762 633 1849 legati
683 1783 808 1848 pro
856 1780 972 1825 sua
1017 1772 1336 1846 potestate
1380 1759 1849 1838 commiserant,
1895 1782 1969 1824 ea
2015 1780 2149 1824 non
2194 1758 2495 1827 videntur
2540 1756 2819 1846 praetori
2866 1760 3243 1843 praestanda
3290 1762 3502 1842 fuisse,

343 1869 666 1935 nam-illos
695 1866 752 1932 ei
785 1866 1046 1931 comites
1079 1866 1347 1933 dederat
1369 1876 1432 1933 et
1462 1864 1724 1952 propria
1753 1873 2070 1953 potestate
2095 1877 2441 1931 ornaverat
2470 1862 2831 1952 respublica
2862 1862 3027 1949 ipsa3
3056 1865 3110 1931 si
3132 1886 3289 1931 vero
3315 1866 3505 1933 ceteri

345 1974 608 2041 comites
648 1972 1258 2059 quidueliqueram,
1297 1971 1461 2036 ratio
1503 1971 1588 2036 ab
1615 1971 1758 2057 ipso
1784 1982 2084 2056 >praetore
2121 1970 2547 2057 repetebatur,
2596 1968 2943 2057 quippe‘jn
2971 1970 3159 2035 cuius
3189 1983 3505 2057 potestate

343 2077 532 2145 situm
562 2090 746 2157 esset,
788 2090 861 2143 ut
899 2099 1011 2144 eos
1041 2098 1252 2143 secum
1285 2077 1590 2146 educeret
1621 2076 1729 2163 qui
1761 2098 1912 2141 suae
1942 2076 2493 2163 samuecapitiqae
2525 2078 3027 2143 consulerent-et
3056 2088 3130 2141 ut
3155 2078 3509 2146 vindicaret

345 2208 420 2252 ac
459 2183 684 2252 missos
725 2185 988 2264 faceret,
1027 2183 1080 2249 si
1121 2184 1185 2249 in
1229 2183 1584 2249 hominibus
1625 2182 1929 2271 eligendis
1973 2204 2120 2269 spes
2158 2182 2469 2249 amicitiae
2504 2182 2948 2266 fefellissetae).
3024 2182 3158 2249 Sed
3198 2196 3345 2248 sunt
3386 2182 3507 2249 alia

347 2292 606 2361 eius-rei
635 2302 998 2377 argumenta
1031 2302 1220 2375 atque
1247 2288 1480 2363 indicia
1511 2288 1874 2355 certissima.
1926 2315 1934 2326 ·

523 2400 602 2463 Et
631 2396 896 2483 primum
924 2394 1180 2481 quidem
1211 2395 1454 2483 legibus
1483 2394 1894 2482 pecuniarum
1925 2394 2421 2482 repetundarum
2454 2405 2755 2479 quaestor
2798 2404 2860 2459 et
2891 2395 3076 2482 legati
3106 2395 3507 2475 tenebantur,

345 2505 586 2592 quippe
627 2502 740 2589 qui
779 2501 1022 2567 ordinis
1069 2500 1372 2567 senatorii
1405 2512 1636 2580 esseut,
1677 2500 1869 2566 soluti
1897 2522 2056 2567 vero
2087 2512 2157 2567 et
2194 2498 2381 2566 liberi
2414 2510 2592 2565 erant
2624 2522 2767 2565 cum
2794 2508 2939 2566 toto
2968 2500 3197 2567 ordine
3230 2502 3509 2587 equestri

347 2609 545 2677 ceteri
571 2608 1036 2695 magistratuum
1067 2607 1326 2674 comites
1343 2608 1437 2690 ὓ).
1469 2604 1824 2693 -Quicquid
1866 2606 2052 2694 igitur
2093 2607 2175 2671 ab
2220 2607 2444 2671 horum
2483 2604 2789 2691 quopiam
2818 2618 3067 2694 capum
3100 2618 3249 2688 erat,
3292 2608 3356 2674 id
3386 2607 3511 2675 nisi

345 2741 382 2784 a
409 2726 707 2804 praetore
737 2714 880 2801 ipso
909 2735 946 2778 a
975 2710 1155 2780 nullo
1185 2712 1347 2780 socii
1373 2724 1666 2800 repetere
1693 2722 2007 2800 poterant.
2067 2716 2226 2779 Hoc
2256 2723 2465 2792 autent
2508 2710 2583 2778 iis
2610 2711 2893 2779 -uoncodi
2936 2713 3157 2801 utique
3204 2713 3509 2802 oportuit,

345 2824 666 2891 nisiforte
695 2821 906 2887 omnia
937 2820 1022 2885 de
1047 2819 1340 2907 pecuniis
1378 2817 1746 2910 repetundis
1791 2817 2022 2886 iudicia
2061 2820 2352 2886 &inditus
2374 2818 2939 2889 tollereRomani-
2961 2822 3321 2886 voluerunt.
3382 2822 3511 2887 Vix

349 2930 514 2997 enim
543 2949 820 3014 unquam
861 2949 1008 2992 reue
1045 2937 1170 2992 tam
1201 2947 1442 2991 nocens
1474 2935 1539 2991 et
1566 2937 1688 2991 tam
1721 2926 1948 2992 stultus
1988 2923 2223 2992 adduci
2266 2925 2495 3013 potuit,
2540 2924 2647 3011 qui
2682 2927 2813 2990 hac·
2844 2926 3222 2994 defensione
3250 2929 3345 2994 uti
3374 2949 3511 2994 non

345 3047 583 3124 posset,
613 3053 748 3099 non
778 3031 897 3098 eibi
927 3032 1042 3096 sed
1073 3031 1264 3099 alicui
1291 3031 1584 3098 comitum
1616 3031 1948 3118 pecuniam
1975 3045 2363 3101 numeratam
2394 3053 2553 3100 esse.
2617 3036 2771 3098 Erat
2808 3034 2935 3098 boc
2977 3033 3229 3119 quidem
3261 3035 3509 3102 illarum

345 3143 556 3229 legum
595 3143 784 3225 ca‘put
827 3137 1224 3217 tralaticium,
1273 3159 1424 3223 quo
1469 3159 1554 3202 ea
1589 3140 1931 3226 pecunia
1970 3139 2445 3225 pervenerit,
2491 3162 2563 3204 ex
2606 3161 2739 3227 quo
2782 3137 3018 3225 capi-te,
3068 3163 3209 3205 cum
3259 3139 3509 3205 iuberet

347 3244 674 3335 persequi.
665 3243 824 3309 .'ab
807 3245 882 3310 ris
923 3244 1005 3309 ad
1048 3265 1212 3329 quos
1248 3243 1648 3361 pervenisset
1685 3245 1960 3330 pecunia
2003 3269 2036 3310 a
2081 3245 2383 3311 dameam
2415 3259 2621 3333 capta,
2662 3243 2847 3310 etiam
2886 3244 3167 3312 minores
3205 3245 3301 3312 illi
3330 3267 3509 3332 prae-

347 3353 504 3420 toris
535 3350 796 3420 comites
821 3350 890 3416 in
916 3350 1018 3416 ius
1047 3347 1262 3416 vocari
1294 3357 1610 3434 poterant.
1670 3351 1912 3414 Verum
1941 3349 2243 3443 quoniam
2274 3373 2349 3416 ex
2378 3371 2459 3417 eo
2492 3351 2714 3438 capite,
2758 3351 3039 3437 quamvis
3069 3373 3288 3438 magua
3316 3370 3511 3436 pecu·

347 3459 451 3526 nia
479 3459 561 3524 ad
593 3456 851 3523 comites
879 3456 1292 3543 pervenisset,
1325 3453 1512 3521 abiis
1540 3476 1674 3521 non
1705 3456 2124 3542 redigebatur,
2157 3457 2208 3521 si
2242 3455 2513 3542 praedes
2544 3455 2811 3522 dederat
2840 3469 3102 3543 praetor·
3128 3469 3237 3523 aut
3267 3468 3507 3521 tantum

349 3587 426 3634 ex
458 3565 592 3632 eius
623 3560 812 3628 bonis
843 3563 1166 3628 redactum
1209 3572 1341 3628 erat
1385 3572 1616 3646 quanta
1657 3580 1894 3625 summa
1935 3560 2132 3626 litium
2174 3563 2486 3647 fuerat⁴')‚
2529 3561 2711 3628 facile
2754 3574 2851 3628 est
2890 3563 2973 3628 ad
3014 3561 3505 3650 intelligendum,

345 3691 428 3738 ne
458 3672 585 3736 hoc
614 3665 864 3761 quidem
895 3679 1083 3754 caput
1115 3667 1372 3734 obstare
1397 3678 1658 3733 nostrae
1687 3667 2054 3734 sententiae.
2950 3693 2957 3700 ·

353 3785 356 3788 ’
523 3776 810 3842 Alterum
835 3772 1068 3838 deinde
1099 3785 1528 3860 argumentum
1559 3795 1635 3838 ex
1661 3774 1790 3838 hoc
1823 3772 2130 3852 ducimus,
2172 3776 2351 3866 quod
2388 3773 2741 3842 institutum
2786 3785 2921 3842 erat
2949 3786 3021 3840 ut
3060 3774 3506 3860 querimoniae,

349 3903 515 3975 quae
545 3880 628 3946 ad
657 3881 926 3966 legatum
956 3878 1183 3966 populi
1213 3877 1486 3946 Romani
1519 3890 1644 3958 aut,
1675 3878 1740 3944 id
1769 3878 1948 3971 quod
1977 3879 2262 3946 dubitari
2286 3879 2528 3966 nequit,
2558 3881 2639 3945 ad
2671 3893 3069 3968 quaestorem
3098 3879 3507 3967 pertinerent,

347 4007 482 4056 non
513 3986 592 4052 ad
623 3998 981 4074 praetorem
1013 3986 1127 4050 sed
1159 3989 1422 4052 Rom-am
1465 4009 1498 4049 a
1541 3983 1729 4050 sociis
1773 3984 2174 4050 deferrentur
2188 3987 2281 4071 ⁴¹).
2354 3982 2696 4052 Rationem
2736 3989 2899 4053 enim
2939 3997 3236 4072 repetere·
3273 3987 3353 4051 ab
3394 3985 3505 4052 ali—

351 4115 482 4180 quo
525 4092 608 4158 de
649 4093 828 4158 factis
869 4113 1106 4172 eorum,
1147 4091 1216 4157 in
1263 4113 1428 4177 quos
1470 4089 2009 4158 animadvertendi
2045 4090 2233 4158 ius-ei
2262 4113 2397 4157 non
2444 4103 2559 4172 est,
2596 4093 2835 4160 nullam
2876 4093 3068 4158 habet
3110 4093 3501 4180 aequitatem.

363 4339 448 4406 8“’)
493 4335 572 4394 De
622 4338 990 4415 quaestoribus
1038 4347 1236 4394 certum
1275 4347 1384 4404 est,
1429 4353 1524 4394 nee
1577 4336 1642 4392 de
1689 4337 1872 4416 legatis
1919 4335 2200 4394 admodum
2248 4337 2482 4396 dubitari
2524 4348 2716 4414 potest.
2799 4338 3155 4416 Quamobrem
3204 4345 3503 4410 argumenta

363 4455 372 4465 -
495 4425 680 4483 afferre
713 4437 933 4502 propter
965 4429 1210 4501 exiguum
1247 4427 1312 4486 ad
1352 4428 1692 4484 scribendum
1731 4445 2038 4483 eoncessum
2073 4429 2317 4504 spatium·
2341 4427 2684 4507 supersedeo,
2721 4429 2825 4486 alio
2858 4429 2979 4485 loco
3015 4433 3180 4482 totam
3216 4441 3327 4481 rem
3352 4438 3503 4480 aeeu*

499 4515 662 4570 ratius
697 4525 1014 4570 tractaturus

363 4605 448 4674 ³⁰)
498 4599 610 4669 jS
645 4602 886 4670 inverr.
923 4603 992 4668 ll
1019 4609 1104 4660 n.

359 4695 448 4762 ⁸⁰)
498 4688 693 4762 colligi
729 4703 903 4765 potest
938 4693 1004 4748 de
1041 4693 1154 4768 lege
1187 4692 1434 4751 Cornelia
1471 4716 1537 4751 ex
1575 4695 1688 4752 Cic.
1726 4695 1760 4750 l.
1786 4695 1822 4752 l.
1859 4707 1912 4752 et
1946 4715 2014 4752 ex
2049 4714 2114 4752 eo
2149 4696 2296 4772 quod
2322 4695 2507 4755 Verris
2530 4697 2761 4755 asseclae
2792 4695 3009 4771 proprio
3048 4704 3247 4750 terrore
3284 4711 3311 4747 a
3348 4690 3501 4747 Cice·

497 4797 626 4834 rone
659 4797 768 4833 uon
806 4789 1088 4848 terrentur,
1125 4781 1194 4838 de
1227 4781 1341 4856 lege
1379 4802 1502 4838 vero
1537 4783 1676 4841 Julia
1713 4803 1780 4840 ex
1815 4783 1882 4841 Οἱ
1887 4803 1931 4842 c.
1968 4803 2068 4861 pro
2108 4783 2289 4842 Rabir.
2330 4783 2474 4844 Post.
2510 4792 2547 4844 6
2570 4797 2625 4843 et
2647 4790 2697 4843 6.

360 4873 418 4906 ⁴⁰
429 4879 448 4937 )
499 4867 613 4924 Cic.
649 4887 750 4941 pro
787 4867 960 4926 Rabir.
995 4870 1142 4927 Post.
1178 4891 1222 4926 c.
1259 4877 1294 4926 4
1329 4881 1382 4926 et
1423 4876 1502 4928 13.

363 4962 454 5030 ⁴¹)
497 4956 584 5014 Cf.
620 4953 734 5012 Cic.
771 4958 826 5013 in
863 4955 1014 5014 Verr.
1047 4959 1090 5028 1,
1119 4963 1184 5018 19
1219 4969 1275 5017 et
1309 4959 1454 5036 quod
1489 4960 1706 5018 adnotat
1739 4959 2277 5020 Pseudo-Accedat.
