4300 5475
1853 368 2029 455 ‘21

375 609 619 685 quutus
665 606 857 676 esset,
919 598 1022 660 vix
1081 595 1458 659 evitaturum
1519 613 1659 657 esse
1703 614 2004 657 summam
2061 594 2615 677 vituperationem.
2706 594 3143 682 Quamobrem
3189 616 3309 659 nec
3352 594 3557 661 hiber—

369 725 606 771 norum
658 705 946 769 nomine.
970 704 1274 785 pecunias
1333 722 1386 765 a.
1427 698 1786 763 civitatibus
1845 702 2072 785 exegit,
2130 720 2253 763 nec
2298 697 2475 783 quod
2520 710 2817 785 tanquam
2864 700 3131 785 vectigal
3170 704 3555 787 praetorium

371 813 623 877 muneri
669 808 823 873 dare
871 809 1154 871 civitates
1201 812 1588 871 consuerant
1635 808 1900 890 accepit,
1947 826 2068 869 nec
2111 803 2311 869 ullum
2356 809 2615 870 omnino
2662 808 3167 893 sumptumfieri
3197 828 3423 893 passus
3462 819 3555 873 est

369 937 590 1001 neque
629 917 700 979 in
747 936 820 979 se
863 934 1076 997 neque
1119 914 1186 977 in
1233 912 1476 997 legatos
1519 932 1734 998 neque
1779 914 1844 975 in
1893 922 2301 997 quaestorem
2346 932 2557 995 neque
2586 913 2651 973 in
2680 932 3057 998 que-aqum
3080 914 3183 995 ⁶¹);
3228 935 3314 979 ne
3343 914 3553 994 multa,

373 1032 587 1087 totum
631 1022 920 1095 animum,
965 1038 1178 1105 curam
1225 1019 1802 1103 cogitationemque
1843 1020 1930 1081 ita
1975 1019 2193 1102 posuit
2238 1020 2307 1081 in
2352 1015 2769 1081 abstinentiae
2813 1018 3005 1084 laude
3050 1017 3555 1104 undique-colli,

371 1126 614 1215 gemla,
672 1138 749 1191 ut.
795 1142 1172 1211 quamquem
1229 1146 1468 1191 summa
1521 1127 1966 1210 expectatione
2019 1126 2086 1187 iu
2137 1124 2539 1208 provinciam
2584 1132 2873 1201 venerut,
2932 1127 3301 1211 opinionem
3348 1136 3554 1193 tamen

373 1235 658 1300 omnium
703 1239 1052 1315 superaret.
1147 1229 1264 1294 Ille
1307 1233 1498 1317 igitur
1543 1233 1600 1294 si
1645 1232 1897 1316 scripsit
1943 1227 2024 1293 ad
2071 1228 2239 1293 fam.»
2260 1230 2341 1307 V,
2369 1233 2477 1305 2⁰,
2524 1228 2764 1312 Ephesi
2800 1229 2981 1313 apud
3026 1230 3411 1316 publicanos
3444 1234 3555 1299 HS

369 1340 476 1405 bis
507 1349 598 1404 ‚et
649 1338 844 1401 vicies
906 1356 977 1401 se
1020 1332 1403 1421 deposuisse
1449 1358 1716 1421 eamque
1759 1337 2098 1421 pecuniam
2143 1333 2227 1398 ad
2272 1355 2345 1399 se
2390 1355 2467 1397 ex
2510 1336 2843 1419 provincia
2886 1336 3361 1423 salvis-‚legibus
3406 1360 3551 1422 per-

371 1448 652 1519 venisse3
712 1440 884 1507 unde
939 1450 1154 1507 tantos
1209 1445 1580 1527 provinciae
1637 1442 1883 1506 fructus
1929 1462 2261 1506 censemus
2306 1462 2453 1506 eum
2497 1442 2895 1526 percepisse?
2985 1441 3149 1508 Cum
3194 1455 3333 1509 toto
3380 1466 3553 1509 anno

369 1552 624 1636 imperii
669 1550 768 1613 sui
799 1568 1130 1613 nummum
1175 1547 1418 1613 nullum
1465 1568 1676 1633 neque
1721 1548 2036 1632 privatim.
2055 1568 2269 1633 neque
2312 1546 2577 1633 publice
2600 1556 2931 1632 erogatum
2959 1568 3105 1611 esse
3127 1552 3267 1634 ipse
3298 1554 3553 1635 saepius

371 1656 717 1743 glorietur,
775 1676 918 1719 eum
975 1651 1058 1719 de
1101 1652 1345 1739 praeda
1386 1676 1502 1721 sua
1544 1663 1798 1740 praeter
1842 1638 2215 1739 quaestores
2262 1657 2303 1718 i.
2336 1675 2391 1718 e.
2438 1652 2753 1739 populum
2798 1653 3157 1717 Romanum
3190 1660 3555 1721 ‘teruncium

369 1784 502 1828 nec
557 1764 834 1847 attigisse
885 1780 1012 1825 nec
1069 1771 1379 1825 tacturum
1433 1781 1576 1825 esse
1623 1781 2000 1844 quemquam
2045 1758 2317 1823 affirmet
2362 1758 2445 1823 sd
2490 1760 2632 1823 fam.
2678 1759 2759 1836 ΙΙ,
2794 1763 2907 1836 17,
2966 1779 3107 1823 cum
3154 1757 3430 1845 denique
3460 1784 3555 1827 ‚ex

373 1869 679 1934 frumenti
721 1868 939 1952 iniqua
985 1868 1424 1933 aestimatione
1468 1864 1861 1930 lucrifecisse
1916 1868 2019 1929 vix
2075 1869 2283 1950 possit
2337 1864 2653 1930 eiusmodi
2710 1872 3013 1948 quaestus
3068 1868 3408 1931 acerrimus
3454 1888 3553 1931 re-

369 1973 758 2061 prebensor;
805 1971 962 2058 quid
1007 1982 1299 2057 superest
1343 1969 1522 2037 unde
1562 1971 1737 2036 illum
1762 1980 2118 2056 ‚quaestum
2162 1980 2399 2035 natum.
2420 1992 2565 2035 esse
2607 1980 2935 2056 putemus,
2978 1972 3104 2037 nisi.
3148 1992 3247 2037 ex.
3268 1969 3555 2037 cibariis?

367 2080 538 2145 Item
583 2100 661 2143 ea
703 2082 990 2163 pecunia,
1037 2100 1224 2164 quam
1271 2076 1354 2162 Q.
1403 2076 1968 2143 CiceroniAsiaea
1989 2079 2265 2162 praetori
2310 2078 2627 2140 aerarium
2666 2074 2967 2142 debuisse
3010 2098 3205 2161 supra
3248 2100 3309 2162 p.
3341 2082 3387 2148 8
3433 2075 3555 2145 do-.

369 2189 639 2262 cuinmu,
681 2188 750 2249 in
797 2188 937 2252 eius
981 2188 1182 2270 ipsius
1223 2204 1358 2249 non
1403 2186 1474 2248 in
1514 2183 1840 2270 publicum
1885 2204 2071 2248 usum
2115 2182 2371 2247 decreta
2416 2180 2671 2246 videtur
2712 2183 2938 2261 fuisse,
2992 2192 3333 2268 propterea
3377 2180 3555 2267 quod

367 2294 468 2358 Μ.
517 2290 1060 2358 Ciceroeaudem
1105 2311 1182 2355 ex
1210 2292 1474 2358 -aerario
1518 2289 1964 2377 depromptam
2007 2292 2072 2353 in
2119 2308 2297 2353 suam
2342 2308 2477 2351 rem
2534 2293 2850 2353 convertit
2872 2290 2975 2371 ⁰),
3028 2288 3290 2375 publica
3346 2298 3559 2353 autem

365 2401 652 2486 pecunia
697 2400 940 2462 Romae
985 2397 1262 2482 relinqui
1305 2418 1440 2461 non
1487 2398 1727 2481 potuit,
1787 2398 1944 2480 quin
2001 2396 2112 2479 qui
2168 2394 2525 2480 reliquisset
2580 2397 3560 2481 inseprehensionemjustissi-

365 2526 538 2569 mam
583 2513 648 2571 et
691 2508 1113 2589 gravissimam
1155 2504 1514 2568 insurreret
1535 2502 1629 2585 ⁸³).

551 2608 681 2673 Iam
725 2608 896 2673 illam
938 2612 1292 2694 pecuniam,
1339 2630 1527 2695 quam
1573 2607 1954 2673 cibariorum
1999 2608 2256 2672 nomine
2298 2608 2583 2692 praetori
2630 2604 2837 2671 datam
2886 2628 3029 2672 esse
3056 2606 3255 2673 modo
3290 2607 3557 2673 demon-

366 2718 732 2795 stravimus,
779 2718 1136 2800 quaestoris
1183 2736 1374 2782 curae
1417 2736 1554 2780 nou
1597 2736 1740 2781 esse
1785 2716 2197 2792 com-issam,
2242 2735 2365 2800 per
2406 2734 2477 2780 se
2520 2722 2619 2778 est
2662 2712 3005 2800 probabile
3048 2734 3262 2800 neque
3306 2714 3559 2802 longam

366 2824 732 2888 orationem
779 2821 1122 2889 desiderat.
1211 2823 1548 2908 Paulisper
1589 2832 1799 2888 tamen
1843 2824 2199 2888 consistere
2244 2831 2307 2886 et
2350 2823 2727 2885 commorari
2774 2825 2946 2908 cogit
2988 2822 3095 2886 hic
3135 2821 3321 2886 locus
3366 2821 3559 2888 Cice-

365 2935 558 2998 ronis
619 2931 702 2996 ad
746 2931 888 2997 fam.
938 2934 1016 3012 ΙΙ,
1053 2938 1163 3003 17ε
1235 2930 1448 3020 Quod
1486 2930 1724 2998 scribis
1771 2931 1872 2996 ad
1909 2952 2017 2998 me
2041 2930 2148 2996 de
2192 2925 2525 2996 drachmis
2574 2928 2979 3014 CCOEOOO,
3024 2929 3196 2997 nihil
3234 2940 3343 2997 est
3378 2931 3567 3022 quod

365 3037 452 3104 in
495 3037 634 3102 isto
676 3059 928 3126 genere
963 3036 1288 3127 ¹cuiqnam
1321 3038 1591 3123 possim
1635 3036 2096 3103 commodare.
2197 3035 2437 3104 Omnis
2492 3033 2669 3102 enim
2704 3036 3007 3124 pecunia
3032 3037 3157 3103 -ita
3198 3048 3557 3116 tractatur,

371 3151 460 3208 ut
496 3139 780 3230 praeda
816 3165 866 3208 a
905 3138 1294 3232 praeferens,
1341 3163 1513 3231 quae
1559 3151 1788 3208 autem
1829 3141 1998 3207 mahi-
2034 3141 2379 3208 attributa
2420 3145 2548 3222 est,
2596 3165 2643 3208 a
2671 3153 3039 3233 quaestore
3068 3154 3397 3212 curatur-v
3446 3146 3559 3208 Et-

369 3251 549 3315 enim
595 3251 648 3312 si
695 3251 1026 3314 Manutius
1073 3259 1140 3314 et
1185 3251 1382 3313 ceteri
1426 3251 1814 3336 interpretes·
1851 3249 2020 3314 illam
2067 3271 2104 3314 a
2148 3265 2493 3335 quaestore
2538 3259 2815 3315 curatam
2860 3252 3197 3336 pecuniam
3241 3260 3416 3314 recte
3456 3252 3559 3314 in-

369 3355 763 3421 tellexerunt
809 3377 946 3418 eam
993 3376 1156 3442 quae
1199 3377 1275 3420 ex
1317 3353 1556 3440 praeda
1603 3355 1805 3419 divisa
1852 3353 2156 3422 Ciceroni
2200 3355 2505 3420 attributa
2548 3366 2711 3437 erat,
2764 3366 2987 3420 nostra
3028 3359 3345 3422 sententia
3390 3365 3557 3420 stare

371 3465 618 3548 nequit,
665 3463 906 3548 quippe
931 3481 1010 3524 ex
1039 3483 1166 3546 qua
1196 3481 1616 3547 quaecunque
1658 3465 1974 3548 praetoris
2017 3463 2243 3540 fuerit,
2266 3480 2403 3527 non
2434 3459 2695 3548 publica
2724 3464 3005 3549 pecunia·
3026 3462 3107 3526 ad
3156 3473 3557 3550 quaestorem

373 3588 518 3634 non
548 3569 940 3653 pertinuerit.
1004 3567 1089 3631 At
1117 3566 1224 3632 ille
1255 3567 1436 3632 locus
1465 3589 1680 3653 neque
1709 3579 1884 3633 reete
1914 3568 2197 3632 exhiberi
2224 3569 2413 3634 nobis
2443 3566 2717 3647 videtur,
2758 3589 2969 3654 neque
3010 3580 3189 3636 recte
3235 3568 3555 3654 explicari.

379 3673 739 3752 Sallustius,
785 3671 1002 3752 Bibuli
1045 3675 1112 3735 in
1161 3673 1355 3758 Syria
1400 3685 1720 3759 quaestor,
1766 3695 1910 3739 cum
1956 3672 2333 3740 decessurus
2376 3674 2461 3740 de
2504 3674 2929 3740 conficiendis
2972 3675 3329 3741 rationibus
3374 3673 3555 3740 labo·

378 3789 550 3844 raret
589 3800 714 3844 nec
755 3780 920 3842 ratio
965 3783 1215 3864 accepti
1259 3789 1324 3844 et
1365 3782 1626 3865 expensi
1671 3783 1824 3844 sutis
1869 3791 2223 3862 constaret,
2278 3783 2460 3867 petiit
2522 3803 2561 3846 a
2606 3780 2928 3847 Cicerone
2972 3792 3044 3847 ut
3088 3792 3339 3846 centum
3385 3781 3555 3846 milia

381 3883 844 3948 drsehmorum.
869 3882 991 3947 sibi
1039 3881 1472 3948 commodaret
1515 3895 1581 3950 et
1627 3907 1739 3950 eos
1783 3885 2042 3972 quidem
2087 3909 2164 3952 ex
2206 3887 2469 3974 publica
2510 3889 2806 3973 pecunia3
2850 3909 3067 3972 neque
3113 3891 3276 3953 enim
3324 3886 3407 3952 de
3438 3885 3549 3952 Ci-

381 3993 634 4055 ceronis
676 4013 746 4054 re
793 3988 1080 4054 familiari
1121 3991 1247 4054 hoc
1290 3989 1438 4055 loco
1483 3991 1598 4076 agi,
1647 4011 1724 4054 ex
1763 4011 1846 4056 eo
1895 3995 2304 4078 cognoscitur
2332 3991 2512 4080 quod
2544 3992 2783 4059 Cicero
2810 3991 3179 4079 respondet,
3223 3994 3381 4060 nibil
3412 4012 3554 4059 esse

385 4095 561 4188 quod
617 4100 683 4158 in
734 4095 848 4161 illo
903 4117 1136 4183 genere
1191 4099 1484 4180 cuiquam
1541 4100 1749 4182 possit
1807 4097 2230 4164 commodare.
2321 4097 2423 4164 Ad
2478 4096 2797 4183 publicam
2856 4109 3061 4164 autem
3114 4103 3443 4186 pecuniam
3498 4101 3554 4162 si

387 4202 666 4266 Sallustii
711 4203 1100 4287 postulatum
1145 4205 1456 4288 pertinet,
1479 4203 1753 4268 Manutii
1797 4204 2221 4292 explicatione
2252 4213 2532 4290 accepta,
2578 4207 2898 4270 excusatio
2932 4229 3055 4292 qua
3089 4205 3323 4273 Cicero
3354 4207 3553 4270 utitur

387 4313 610 4391 partim
653 4311 868 4392 inepta
911 4311 1138 4392 partim
1183 4329 1321 4374 nou
1365 4309 1693 4376 sufficiens
1741 4310 1991 4376 videtur
2037 4331 2197 4376 esse.
2276 4309 2456 4396 Quid
2490 4313 2653 4376 enim
2684 4313 2913 4378 attinet
2956 4317 3031 4392 ei,
3076 4313 3184 4396 qui
3229 4309 3551 4396 publicam

381 4415 716 4498 peon-iam
767 4410 894 4476 sibi
936 4413 1322 4480 commodari
1363 4416 1528 4498 vult,
1585 4417 2007 4504 respondere,
2061 4427 2311 4504 partem
2354 4421 2446 4483 rei
2492 4416 2811 4483 familiaris
2855 4429 2921 4485 et
2962 4427 3205 4504 partem
3250 4416 3551 4503 publicae

381 4519 694 4604 pecuniae
749 4515 832 4584 ab
889 4517 1026 4583 aliis
1082 4525 1374 4587 tractari?
1459 4523 1894 4608 Quamobrem
1947 4525 2116 4590 illam
2174 4526 2505 4610 pecuniam
2558 4525 2841 4613 intelligo
2896 4534 3212 4610 sumptum
3268 4545 3547 4590 annuum

394 4783 481 4848 ⁸¹)
534 4777 648 4835 Cic.
685 4779 748 4834 nd
791 4779 898 4838 Au.
937 4781 1002 4840 V.
1029 4787 1098 4838 21
1125 4795 1180 4840 et
1209 4787 1294 4842 16.

395 4872 480 4937 ⁰²)
531 4866 648 4924 Cic.
685 4869 750 4922 ad
788 4866 856 4942 Q.
895 4867 955 4923 fr.
995 4869 1034 4934 1,
1057 4875 1111 4928 3.

396 4959 482 5028 ο8)
529 4955 646 5012 Cic.
679 4975 736 5033 p.
773 4955 874 5031 leg.
909 4955 1044 5014 man.
1085 4965 1170 5028 13,
1209 4965 1262 5019 in
1301 4961 1406 5021 Pia.
1442 4986 1487 5022 c.
1509 4971 1597 5025 35.
